1612 2493
104 81 152 125 46
392 82 629 114 CORNELII
656 81 829 113 TACJTJ
852 80 1129 112 ANNALJUM
1189 71 1329 126 [A.u.c.
1353 80 1426 121 767·

106 187 210 236 quod
231 186 447 224 Maximum
470 186 578 224 uxori
598 186 764 223 Marciae
792 185 995 235 aperuisse,
1014 185 1116 222 illam
1137 184 1276 223 Liviae.
1332 196 1426 233 gna-
1443 197 1467 225 4

106 264 189 289 rum
209 252 247 288 id
267 251 419 289 Caesari
437 265 448 298 3
477 263 601 300 neque
621 251 739 288 multo
766 256 853 300 post
873 250 1040 287 extincto
1061 249 1247 296 Maximo,
1269 250 1426 287 dubium

106 328 156 353 an
184 317 354 364 quaesita
383 322 516 361 morte,
546 315 696 352 auditos
725 316 765 352 in
794 315 924 352 funere
955 315 1034 352 eius
1064 313 1234 352 Marciae
1263 313 1426 363 gemitus

106 388 226 418 semet
246 381 463 425 incusantis,
488 380 593 428 quod
613 392 728 417 causa
748 380 850 416 exitii
869 379 1006 417 marito
1026 378 1166 417 fuisset.
1220 385 1427 427 utcumque
1445 383 1467 413 5

72 462 87 492 5
106 458 146 482 se
174 457 220 482 ea
246 457 305 482 res
335 444 476 491 habuit,
504 444 659 481 vixdum
690 444 884 493 ingressus
912 444 1102 493 Illyricum
1129 443 1308 481 Tiberius
1336 454 1427 493 pro-

106 510 206 558 peris
232 510 362 546 matris
387 509 514 546 litteris
542 509 706 553 accitur;
736 520 859 557 neque
886 508 975 546 satis
999 515 1225 558 conpertum
1253 515 1322 555 est,
1350 508 1428 557 spi-

105 580 254 609 rantem
279 571 404 608 adhuc
431 572 646 619 Augustum
673 573 775 621 apud
800 573 932 610 urbem
959 572 1103 610 Nolam
1132 585 1182 610 an
1210 573 1427 610 exanimem
1484 614 1493 624 l

105 637 321 686 reppererit.
378 636 528 673 acribus
549 648 713 684 namque
735 637 913 674 custodiis
933 638 1093 674 domurn
1117 644 1155 675 et
1175 638 1254 675 vias
1273 649 1427 686 saepse-
1445 642 1470 672 6

105 708 160 739 rat
189 701 303 745 Livia,
332 700 493 748 laetique
521 700 712 737 interdurn
742 702 861 738 nuntii
889 702 1151 751 vulgabantur,
1181 702 1307 740 donec
1336 714 1426 750 pro-

56 767 192 805 xovisis
224 778 323 815 quae
356 772 506 813 tempus
540 766 723 802 monebat
758 765 869 802 simul
902 767 1111 804 excessisse
1144 765 1364 816 Augustum
1391 773 1429 805 et

16 818 18 821 Ι
104 843 230 868 rerum
259 830 372 879 potiri
402 829 599 866 Neronem
629 829 729 866 fama
759 830 892 867 eadem
921 830 1011 868 tulit.

160 901 198 933 6.
229 895 399 933 Primum
420 894 565 931 facinus
592 895 679 930 novi
705 895 936 943 principatus
957 895 1022 932 fuit
1041 895 1213 934 Postumi
1232 896 1428 946 Agrippae
1459 880 1491 909 s*
1560 897 1562 899 ’
1578 878 1612 909 ζ’

104 961 253 1005 caedes,
274 972 389 1009 quem
413 960 589 1008 ignarum
613 959 877 1007 inermumque
901 961 1073 1009 quamvis
1099 960 1270 998 firmatus
1298 962 1427 1000 animo

105 1026 274 1064 centurio
303 1037 414 1074 aegre
442 1024 617 1061 confecit.
674 1024 762 1060 nibil
789 1024 835 1061 de
863 1037 908 1062 ea
935 1037 975 1062 re
997 1025 1172 1064 Tiberius
1192 1025 1295 1076 apud
1318 1017 1469 1064 sena-'2

54 1098 183 1138 15tum
212 1089 410 1127 disseruit:
441 1089 555 1138 patris
584 1089 686 1125 iussa
715 1089 926 1134 simulabat,
956 1089 1093 1138 quibus
1120 1091 1427 1141 praescripsisset

103 1157 256 1193 tribuno
283 1154 477 1193 custodiae
504 1154 691 1203 adposito,
718 1165 765 1190 ne
795 1160 1035 1191 cunctaretur
1059 1154 1276 1205 Agrippam
1304 1163 1427 1194 morte

103 1221 277 1266 adficere,
297 1221 530 1271 quandoque
550 1220 631 1268 ipse
659 1231 880 1267 supremum
900 1219 1003 1256 diem
1022 1220 1260 1269 explevisset.
1310 1222 1428 1260 multa
1445 1228 1466 1258 3

104 1288 184 1324 sine
205 1286 321 1324 dubio
342 1297 528 1334 saevaque
549 1286 746 1333 Augustus
776 1283 824 1320 de
854 1285 1024 1322 moribus
1054 1285 1307 1324 adulescentis
1335 1299 1428 1336 que-

104 1359 194 1398 stus,
221 1358 263 1390 ut
287 1351 442 1389 exilium
470 1350 550 1387 eius
577 1357 730 1386 senatus
761 1337 937 1387 consulto
966 1349 1173 1387 sanciretur
1196 1350 1430 1400 perfecerat:

51 1434 91 1457 zo
106 1425 273 1456 ceterum
304 1417 345 1454 in
373 1415 509 1453 nullius
542 1427 726 1464 umquam
757 1426 912 1451 suorum
946 1426 1083 1452 necem
1117 1415 1274 1462 duravit,
1303 1429 1428 1466 neque

103 1490 266 1524 mortem
289 1481 421 1530 nepoti
450 1492 519 1530 pro
545 1481 743 1517 securitate
772 1479 932 1528 privigni
958 1479 1114 1517 inlatam
1137 1480 1315 1519 credibile
1339 1488 1427 1520 erat.

103 1548 261 1599 propius
284 1559 373 1584 vero
403 1545 601 1584 Tiberium
628 1558 674 1583 ac
706 1544 864 1589 Liviam,
894 1545 998 1582 illum
1025 1552 1139 1591 metu,
1166 1545 1265 1583 hanc
1293 1559 1428 1584 nover-
1444 1555 1470 1584 4

102 1613 245 1651 calibus
273 1612 381 1657 odiis,
414 1612 581 1661 suspecti
614 1618 650 1649 et
679 1610 786 1647 invisi
817 1611 962 1649 iuvenis
991 1611 1150 1648 caedem
1178 1610 1428 1651 festinavisse.

103 1677 290 1716 nuntianti
318 1677 538 1722 centurioni,
568 1683 609 1713 ut
637 1687 723 1713 mos
748 1676 913 1720 militiae,
942 1675 1087 1713 factum
1113 1688 1196 1714 esse
1223 1676 1329 1725 quod
1356 1676 1427 1713 im·
1445 1689 1468 1719 5

53 1760 88 1792 25
103 1749 283 1793 perasset‚
304 1755 430 1792 neque
454 1743 662 1791 imperasse
692 1753 774 1778 sese
804 1748 840 1778 et
865 1741 1053 1779 rationem
1078 1741 1166 1779 facti
1191 1741 1428 1778 reddendam

104 1809 206 1858 apud
226 1815 401 1846 senatum
426 1806 633 1856 respondit.
690 1805 794 1855 quod
820 1812 1025 1855 postquam
1052 1805 1249 1843 Sallustius
1268 1805 1427 1855 Crispus
1445 1817 1468 1847 6

103 1874 291 1923 particeps
313 1879 545 1910 secretorum
566 1870 612 1921 (is
632 1871 681 1908 ad
700 1871 892 1908 tribunum
916 1871 1067 1908 miserat
1087 1870 1299 1922 codicillos)
1320 1883 1428 1909 com-

104 1938 212 1988 perit,
233 1944 408 1974 metuens
434 1949 482 1973 ne
504 1948 589 1973 reus
621 1935 852 1982 subderetur,
874 1936 978 1973 iuxta
1006 1934 1220 1985 periculoso
1247 1935 1334 1973 ficta
1360 1949 1429 1975 seu

104 2015 190 2041 vera
215 2009 418 2051 promeret,
439 2001 587 2038 monuit
612 2000 757 2038 Liviam
786 2013 836 2037 ne
858 2012 998 2037 arcana
1023 2000 1172 2044 domus,
1194 2012 1243 2038 ne
1269 2002 1429 2040 consilia

55 2083 93 2114 30
106 2068 329 2113 amicorum,
350 2066 558 2103 ministeria
582 2066 745 2103 militum
768 2065 1020 2114 vulgarentur.
1040 2076 1136 2102 neve
1157 2064 1333 2103 Tiberius
1352 2068 1428 2104 vim

104 2133 337 2183 principatus
356 2131 557 2168 resolveret
577 2138 716 2168 cuncta
735 2130 783 2167 ad
803 2137 979 2167 senatum
997 2129 1198 2167 vocando:
1230 2142 1315 2167 eam
1335 2142 1429 2168 con-

106 2198 297 2235 dicionem
317 2208 401 2233 esse
427 2195 654 2245 imperandi,
675 2202 716 2232 ut
741 2206 821 2232 non
851 2194 954 2233 aliter
972 2195 1069 2233 ratio
1090 2201 1238 2233 constet
1259 2206 1374 2245 quam
1398 2195 1430 2232 si

105 2263 171 2300 uni
197 2261 386 2299 reddatur.
1059 2265 1061 2269 ’
1091 2267 1100 2273 '
