1612 2493
154 108 200 147 74
439 103 681 135 CORNELII
709 104 881 136 TACJTJ
903 104 1180 137 ANNALJUM
1227 97 1371 152 [auc.
1395 105 1467 148 768·

151 203 223 241 dos
260 204 361 254 apud
392 217 497 243 aram
533 204 720 243 Ubiorum
759 213 903 244 creatus
941 212 1091 256 ruperat
1127 205 1249 252 vittas,
1287 207 1470 256 profugus

151 269 198 306 ad
227 269 394 307 rebelles.
450 270 635 308 adductus
664 278 791 308 tamen
810 272 850 308 in
878 283 985 320 spem
1016 271 1239 308 clementiae
1269 270 1469 309 Romanae
1489 278 1511 308 3

152 333 304 380 pertulit
331 334 446 382 patris
474 334 655 372 mandata
683 335 924 385 benigneque
952 341 1134 384 exceptus
1166 346 1253 372 cum
1281 335 1470 384 praesidio

154 390 340 435 Galli'cam
358 398 397 434 in
418 398 540 447 ripam
559 399 695 436 missus
715 408 781 437 est.
838 399 1071 438 Germanico
1099 399 1261 448 pretium
1284 399 1352 437 fuit
1381 412 1471 437 con·
1490 407 1514 436 4

116 476 133 506 5
151 468 292 498 vertere
312 474 463 511 agmen,
478 470 767 513 pugnatumque
783 464 821 500 in
841 463 1060 508 obsidentis,
1076 470 1112 499 et
1126 470 1276 512 ereptus
1298 463 1473 513 Segestes

152 537 294 575 magna
314 539 401 564 curn
422 528 727 576 propinquorum
747 534 784 565 et
806 528 997 566 clientium
1017 539 1145 564 manu.
1201 527 1349 565 inerant
1368 527 1474 565 femi·
1493 534 1514 563 5

152 602 224 627 nae
252 591 410 636 nobiles,
431 592 526 628 inter
545 604 641 641 quas
668 603 764 629 uxor
784 592 941 629 Arminii
969 592 1179 642 eademque
1201 591 1274 629 filia
1296 591 1474 640 Segestis,

151 655 271 692 mariti
290 655 411 704 magis
440 667 554 704 quam
575 657 739 705 parentis
766 658 908 704 animo,
929 669 1055 706 neque
1084 657 1205 694 evicta
1233 657 1272 693 in
1301 656 1475 694 lacrimas

151 731 273 768 neque
300 732 393 756 voce
420 720 592 769 supplex,
613 723 843 770 compressis
872 722 970 759 intra
995 722 1121 759 sinum
1148 721 1326 758 manibus
1353 721 1474 770 gravi-

103 800 139 821 10
153 784 244 821 dum
272 791 419 821 uterum
449 785 609 822 intuens.
667 785 882 824 ferebantur
911 793 947 824 et
977 785 1098 835 spolia
1126 785 1318 823 Varianae
1347 784 1475 830 cladis,
1495 792 1518 822 6

151 849 340 898 plerisque
370 861 504 886 eorum
542 849 607 898 qui
641 856 721 887 tum
750 851 789 887 in
818 850 1051 888 deditionem
1082 850 1285 887 veniebant
1313 849 1476 899 praedae

152 913 261 950 data:
292 913 402 950 simul
442 913 619 962 Segestes
656 914 748 964 ipse,
783 914 918 964 ingens
953 915 1035 953 visu
1068 922 1105 952 et
1139 914 1324 952 memoria
1351 915 1477 952 bonae

153 978 340 1015 societatis
360 978 570 1027 inpavidus

207 1047 274 1081 58.
304 1042 432 1080 Verba
469 1044 549 1080 eius
588 1044 626 1081 in
663 1043 765 1082 hunc
802 1044 961 1082 modum
994 1044 1121 1083 fuere:
1160 1046 1262 1082 ‘non
1295 1043 1356 1081 hic
1389 1042 1480 1081 mihi

123 1124 138 1154 5
154 1108 295 1157 primus
315 1119 406 1156 erga
424 1107 610 1156 populum
626 1108 846 1145 Romanum
867 1109 952 1146 fidei
973 1116 1010 1146 et
1029 1108 1261 1147 constantiae
1282 1108 1375 1146 dies.
1431 1120 1479 1145 ex
1498 1117 1519 1146 2

153 1184 230 1222 quo
249 1184 271 1208 a
291 1172 377 1210 divo
396 1174 570 1220 Augusto
590 1172 734 1210 civitate
755 1172 918 1210 donatus
946 1185 1042 1219 sum,
1063 1173 1209 1211 amicos
1228 1172 1480 1222 inimicosque

154 1251 201 1275 ex
221 1238 349 1275 vestris
376 1237 593 1275 utilitatibus
622 1238 754 1288 delegi,
775 1250 899 1288 neque
928 1238 1018 1276 odio
1047 1238 1188 1287 patriae
1209 1237 1368 1289 (quippe
1391 1249 1480 1287 pro-

154 1303 294 1340 ditores
326 1302 439 1339 etiam
468 1301 513 1339 iis
549 1315 646 1352 quos
680 1309 919 1352 anteponunt
947 1302 1054 1339 invisi
1085 1301 1201 1352 sunt),
1229 1313 1360 1340 verum
1393 1301 1482 1350 quia

155 1367 341 1405 Romanis
362 1366 638 1416 Germanisque
668 1368 770 1405 idem
799 1368 1013 1405 conducere
1034 1373 1070 1405 et
1097 1378 1234 1416 pacem
1262 1377 1378 1415 quam
1404 1366 1482 1403 bel-

103 1448 142 1469 ,το
157 1432 234 1468 lum
280 1432 507 1481 probabam.
564 1444 656 1482 ergo
706 1438 898 1482 raptorem
951 1431 1047 1469 filiae
1095 1442 1214 1477 meae,
1262 1430 1481 1467 violatorem
1499 1439 1521 1468 3

156 1496 317 1534 foederis
351 1497 474 1541 vestri,
507 1497 721 1534 Arminium
760 1496 864 1546 apud
897 1495 1056 1541 Varum,
1089 1496 1154 1545 qui
1186 1502 1267 1532 tum
1304 1494 1483 1532 exercitui

154 1548 402 1611 praesidebat,
433 1574 540 1599 reum
572 1561 654 1599 feci.
711 1561 848 1600 dilatus
881 1561 1042 1610 segnitia
1080 1560 1198 1605 ducis,
1228 1559 1316 1609 quia
1348 1566 1526 1608 parum4

156 1626 329 1675 praesidii
361 1627 398 1663 in
428 1626 577 1675 legibus
610 1634 701 1672 erat,
739 1634 780 1664 ut
811 1638 873 1663 me
911 1634 948 1663 et
981 1625 1197 1662 Arminium
1234 1631 1272 1662 et
1308 1625 1484 1663 conscios

155 1691 309 1728 vinciret
325 1691 510 1740 flagitavi:
540 1692 645 1728 testis
665 1691 726 1729 illa
745 1703 834 1737 nox,
849 1690 940 1727 mihi
956 1691 1100 1727 utinam
1115 1690 1242 1739 potius
1263 1689 1483 1727 novissima!

125 1773 140 1802 5
157 1768 254 1805 quae
275 1763 405 1793 secuta
435 1763 532 1801 sunt,
554 1755 683 1793 defleri
702 1756 825 1805 magis
851 1767 967 1805 quam
993 1755 1146 1793 defendi
1166 1760 1354 1804 possunt:
1383 1760 1484 1791 cete·
1503 1764 1525 1794 5

155 1832 239 1858 rum
260 1828 296 1857 et
316 1820 426 1857 inieci
447 1828 601 1857 catenas
621 1819 795 1857 Arminio
816 1826 853 1857 et
882 1831 905 1857 a
924 1819 1088 1857 factione
1108 1818 1188 1857 eius
1216 1818 1371 1856 iniectas
1399 1829 1484 1868 per-

155 1897 290 1935 pessus
322 1897 417 1922 sum.
473 1891 586 1934 atque
620 1884 685 1922 ubi
718 1885 884 1934 primum
914 1884 968 1922 tui
1003 1884 1126 1933 copia,
1155 1890 1281 1921 vetera
1309 1882 1418 1920 novis
1446 1888 1525 1922 eto

156 1950 284 1999 quieta
317 1949 473 1986 turbidis
505 1948 730 1995 antehabeo,
760 1960 885 1998 neque
914 1949 966 1986 ob
994 1948 1217 1997 praemium,
1247 1946 1315 1985 sed
1348 1953 1388 1984 ut
1421 1958 1485 1983 me

156 2014 313 2064 perfidia
341 2014 546 2060 exsolvam,
575 2014 685 2052 simul
708 2013 812 2063 genti
837 2013 1120 2051 Germanorum
1144 2012 1304 2050 idoneus
1328 2010 1486 2049 concili-

105 2094 146 2126 30
159 2086 252 2124 ator,
273 2078 304 2115 si
333 2078 604 2128 paenitentiam
628 2090 744 2127 quam
767 2077 974 2127 perniciem
999 2077 1181 2114 maluerit.
1238 2088 1308 2126 pro
1332 2075 1484 2113 iuventa
1502 2087 1524 2119 7

157 2151 193 2181 et
213 2155 336 2181 errore
356 2142 419 2179 filii
439 2143 588 2180 veniam
611 2154 768 2192 precor:
800 2141 916 2179 filiam
935 2141 1160 2179 necessitate
1182 2139 1257 2178 huc
1276 2139 1482 2177 adductam

158 2208 288 2245 fateor.
357 2213 462 2244 tuum
496 2207 565 2244 erit
603 2206 829 2250 consultare,
868 2214 994 2243 utrum
1031 2204 1256 2254 praevaleat,
1295 2203 1400 2254 quod
1436 2215 1484 2241 ex

156 2271 330 2311 Arminio
343 2272 517 2322 concepit
536 2282 585 2308 an
605 2270 709 2320 quod
727 2282 774 2308 ex
795 2282 855 2307 me
871 2270 998 2319 genita
1017 2267 1094 2307 est!
1150 2267 1293 2307 Caesar
1308 2267 1484 2306 clementi
1503 2277 1526 2307 8
