1612 2493
128 112 206 137 m).
229 95 295 150 15.]
522 101 675 133 LIBER
703 101 733 132 J.
778 100 878 132 CAP.
905 94 1045 142 57-60·
1399 101 1445 140 75

125 216 311 255 responso
331 204 454 241 liberis
474 203 770 253 propinquisque
790 202 868 239 eius
889 202 1200 246 incolumitatem,
1221 200 1291 250 ipsi
1318 200 1445 238 sedem

84 276 108 305 9
125 275 246 307 vetere
273 269 312 306 in
340 268 535 318 provincia
562 268 769 317 pollicetur.
823 267 1026 304 exercitum
1055 265 1201 303 reduxit
1229 277 1446 314 nomenque

125 333 363 382 imperatoris
401 339 555 370 auctore
586 331 741 368 Tiberio
779 331 937 380 accepit.
1011 330 1170 367 Arminii
1202 341 1300 366 uxor
1335 330 1447 366 virilis

125 410 237 435 sexus
274 397 428 446 stirpem
458 397 597 434 edidit:
644 395 824 433 educatus
864 395 1072 433 Ravennae
1115 406 1209 443 puer
1246 405 1323 443 quo
1353 406 1444 431 mox

123 461 284 500 ludibrio
304 461 541 499 conflictatus
568 461 625 505 sit,
646 461 685 497 in
705 466 875 509 tempore
896 460 1133 497 memorabo.
1465 474 1481 504 5

178 530 248 564 59.
278 525 398 563 Fama
444 525 556 562 dediti
600 524 842 574 benigneque
887 524 1036 573 excepti
1084 523 1248 572 Segestis
1285 522 1447 572 vulgata,

122 597 163 627 ut
186 591 395 639 quibusque
423 589 562 627 bellum
582 589 703 626 invitis
733 595 797 626 aut
825 589 1061 638 cupientibus
1089 596 1178 632 erat,
1200 600 1268 637 spe
1293 588 1351 625 vel
1381 588 1448 625 do·

82 661 104 690 2
122 639 200 691 lore
217 654 417 703 accipitur,
465 653 678 690 Arminium
698 664 809 701 super
824 652 974 690 insitam
986 652 1202 691 violentiam
1222 660 1328 702 rapta
1341 665 1448 697 uxor,

122 719 312 757 subiectus
341 719 487 756 servitio
506 719 635 755 uxoris
663 723 790 754 uterus
809 717 1034 754 vaecordem
1053 719 1230 767 agebant,
1253 718 1449 755 volitabat-

123 795 195 833 que
227 796 294 833 per
328 783 552 827 Cheruscos,
585 794 690 819 arma
724 782 764 819 in
799 782 1005 831 Segestem,
1040 794 1145 819 arma
1175 783 1214 819 in
1246 781 1448 820 Caesarem
1467 798 1503 819 ιο

82 859 103 887 3
122 860 298 897 poscens.
352 859 475 897 neque
498 847 646 896 probris
667 847 924 896 temperabat:
953 847 1146 896 egregium
1166 853 1323 896 patrem,
1342 858 1450 896 mag-

122 924 214 949 num
259 913 538 962 imperatorem,
577 911 712 948 fortem
753 912 972 956 exercitum,
1011 923 1173 960 quorum
1217 917 1274 948 tot
1314 923 1451 948 manus

80 987 104 1016 4
121 989 237 1014 unam
265 976 521 1014 mulierculam
549 977 750 1013 avexerint.
807 976 875 1013 sibi
905 983 979 1013 tres
1007 976 1189 1024 legiones,
1211 976 1369 1014 totidem
1397 976 1450 1013 le-

121 1049 233 1090 gatos
263 1041 535 1091 procubuisse3
566 1052 644 1078 non
673 1041 775 1078 enim
805 1052 844 1077 se
873 1039 1087 1090 proditione
1117 1053 1240 1090 neque
1271 1040 1449 1078 adversus

122 1105 279 1142 feminas
309 1106 496 1154 gravidas,
527 1105 593 1142 sed
626 1105 754 1154 palam
783 1105 959 1142 adversus
988 1112 1155 1142 armatos
1184 1105 1323 1142 bellum
1352 1112 1501 1152 trac-15

80 1178 102 1207 5
121 1178 210 1207 tare.
265 1170 366 1208 cerni
386 1169 510 1208 adhuc
531 1169 812 1207 Germanorum
832 1170 870 1206 in
892 1169 986 1207 lucis
1013 1170 1121 1219 signa
1142 1170 1330 1215 Romana,
1352 1182 1449 1219 quae
1494 1177 1497 1180 '

80 1243 103 1272 6
122 1235 177 1272 dis
205 1234 332 1284 patriis
355 1234 601 1284 suspenderit.
658 1234 798 1272 coleret
831 1233 1004 1284 Segestes
1018 1228 1171 1272 *victam
1202 1235 1335 1285 ripam,
1365 1237 1450 1273 red-

120 1299 223 1337 deret
243 1299 319 1336 filio
349 1299 601 1337 sacerdotium
624 1298 848 1336 hominurn:
880 1298 1094 1337 Germanos
1119 1300 1330 1350 numquam
1359 1301 1448 1338 satis

119 1372 372 1410 excusaturos,
397 1363 501 1413 quod
528 1364 624 1401 inter
654 1364 781 1401 Albim
809 1370 845 1401 et
875 1364 1055 1402 Rhenum
1083 1365 1206 1414 virgas
1234 1372 1271 1402 et
1299 1377 1449 1402 secures

79 1438 99 1469 7
118 1435 155 1466 et
182 1435 312 1479 togam
340 1429 511 1466 viderint.
566 1428 647 1466 aliis
675 1429 851 1478 gentibus
880 1429 1091 1478 ignorantia
1120 1430 1252 1479 imperi
1282 1429 1450 1467 Romani
1466 1446 1503 1467 20

117 1493 314 1543 inexperta
342 1506 422 1531 esse
446 1493 640 1543 supplicia,
669 1494 798 1531 nescia
827 1494 991 1540 tributa3
1021 1506 1117 1543 quae
1146 1495 1328 1543 quoniam
1357 1507 1449 1532 exu-

117 1559 214 1596 erint
232 1559 437 1608 inritusque
458 1558 669 1596 discesserit
693 1558 752 1596 ille
776 1559 872 1596 inter
895 1560 1052 1596 numina
1076 1559 1220 1596 dicatus
1241 1560 1447 1608 Augustus,

118 1623 178 1660 ille
201 1623 366 1661 delectus
386 1623 572 1668 Tiberius,
592 1635 639 1660 ne
660 1623 862 1672 inperitum
882 1623 1216 1670 adulescentulum,
1230 1636 1278 1662 ne
1299 1624 1447 1662 seditio-

78 1695 203 1725 8sum
239 1689 446 1726 exercitum
484 1694 740 1737 pavescerent.
810 1688 840 1725 si
878 1689 1040 1738 patriam
1078 1696 1254 1738 parentes
1293 1689 1448 1739 antiqua

117 1753 272 1791 mallent
301 1765 415 1803 quam
449 1753 626 1791 dominos
657 1759 693 1790 et
719 1752 888 1791 colonias
919 1765 1049 1798 novas,
1079 1754 1293 1790 Arminium
1322 1755 1446 1803 potius
1463 1771 1499 1801 25

117 1818 258 1866 gloriae
298 1829 344 1856 ac
380 1818 561 1855 libertatis
605 1829 721 1867 quam
765 1817 964 1868 Segestem
1010 1818 1221 1868 flagitiosae
1262 1819 1447 1857 servitutis

118 1883 254 1920 ducem
274 1889 526 1932 sequerentur.
550 1895 564 1934 θ’
590 1889 594 1893 ”

172 1951 243 1985 60.
272 1946 422 1985 Conciti
442 1960 509 1997 per
528 1947 621 1985 haec
650 1960 729 1985 non
750 1947 870 1985 modo
891 1947 1074 1986 Cherusci
1096 1948 1164 1986 sed
1184 1949 1446 1987 conterminae

118 2019 262 2060 gentes,
300 2017 514 2061 tractusque
553 2013 591 2049 in
628 2013 743 2062 partis
782 2013 1049 2062 Inguiomerus
1091 2014 1250 2050 Arminii
1280 2022 1446 2063 patruus,

118 2083 238 2113 vetere
257 2076 357 2125 apud
380 2076 580 2114 Romanos
601 2077 845 2124 auctoritate;
874 2077 976 2115 unde
996 2077 1118 2115 maior
1139 2077 1292 2116 Caesari
1312 2085 1445 2116 metus.
1459 2094 1500 2123 30

76 2146 98 2175 2
117 2147 153 2177 et
172 2152 219 2177 ne
238 2140 377 2177 bellum
400 2141 500 2178 mole
528 2153 604 2179 una
623 2142 822 2191 ingrueret,
842 2141 1051 2180 Caecinam
1080 2155 1167 2179 cum
1196 2142 1447 2192 quadraginta

116 2204 336 2242 cohortibus
366 2204 550 2243 Romanis
579 2206 823 2243 distrahendo
847 2206 945 2245 hosti
974 2219 1040 2256 per
1069 2206 1272 2245 Bructeros
1296 2207 1344 2244 ad
1374 2206 1445 2243 flu-

117 2281 207 2306 men
236 2269 423 2307 Amisiam
447 2270 569 2316 mittit,
590 2270 755 2321 equitem
776 2270 882 2308 Pedo
908 2272 1120 2321 praefectus
1147 2271 1283 2309 finibus
1305 2271 1444 2309 Frisio-
