1612 2493
155 99 204 144 58
427 78 664 136 CORNELI)
691 104 862 135 TACJTJ
884 104 1162 136 ANNALJUM
1240 96 1377 152 [mue.
1399 106 1473 148 767.

157 208 384 257 stipendium
409 208 513 253 foret,
534 221 582 246 ne
609 208 774 246 veterani
804 208 873 245 sub
900 207 1035 246 vexillo
1063 208 1302 247 haberentur.
1358 209 1407 247 ad
1427 222 1473 247 ea

155 271 302 309 Drusus
330 284 417 309 cum
446 273 636 310 arbitrium
665 278 818 310 senatus
847 280 882 310 et
911 272 1026 321 patris
1056 273 1287 319 obtenderet,
1308 273 1471 312 clamore

155 337 334 374 turbatur.
377 349 442 374 cur
483 337 644 374 venisset
685 349 809 386 neque
851 336 1037 385 augendis
1079 337 1237 374 militurn
1281 338 1512 387 stipendiis3

155 413 278 449 neque
306 401 520 438 adlevandis
553 401 752 446 laboribus,
783 401 944 451 denique
976 400 1078 437 nulla
1110 402 1207 439 bene
1239 401 1398 439 faciendi
1431 402 1473 438 li-

120 482 136 512 5
155 466 301 503 centia?
357 473 394 502 at
421 465 570 503 hercule
598 467 752 503 verbera
774 475 810 503 et
836 478 971 503 necem
1001 467 1145 503 cunctis
1174 467 1348 515 permitti.
1405 466 1473 503 Ti·
1491 474 1514 503 4

155 530 300 566 berium
337 530 427 566 olim
465 530 620 567 nomine
656 530 816 579 Augusti
854 530 1037 567 desideria
1076 531 1269 579 legionum
1311 530 1474 567 frustrari

156 594 330 631 solitum:
362 594 515 631 easdem
550 601 646 631 artes
679 594 845 631 Drusum
878 595 1071 633 rettulisse.
1128 607 1388 644 numquamne
1425 594 1473 631 ad
1494 603 1514 631 5

156 670 195 695 se
220 658 289 694 nisi
315 658 407 695 filios
433 658 655 695 familiarum
680 659 879 696 venturos?
909 671 1049 697 novum
1077 660 1115 696 id
1142 659 1254 708 plane
1281 657 1383 708 quod
1406 658 1475 695 im-

154 728 305 772 perator
334 723 413 760 sola
440 723 566 760 militis
595 723 800 761 commoda
829 724 878 761 ad
912 731 1084 761 senatum
1117 724 1253 761 reiciat.
1310 722 1474 760 eundem
1493 734 1515 763 6

106 801 143 825 10
156 799 247 835 ergo
280 794 452 824 senatum
487 787 773 833 consulendum,
807 788 979 837 quotiens
1012 789 1197 838 supplicia
1231 795 1295 825 aut
1333 787 1475 837 proelia

155 852 390 890 indicantur:
432 865 480 889 an
518 853 688 901 praemia
725 853 796 890 sub
832 853 1006 900 dominis,
1041 865 1186 903 poenas
1220 853 1301 890 sine
1335 853 1475 890 arbitro

157 917 269 953 esse?

210 986 274 1020 27.
305 981 504 1019 Postremo
538 981 714 1020 deserunt
746 982 918 1027 tribunal,
952 990 992 1020 ut
1031 983 1114 1033 quis
1153 983 1475 1032 praetorianorum

155 1046 313 1083 militum
342 1048 599 1084 amicorumve
629 1046 803 1084 Caesaris
826 1055 1046 1092 occurreret,
1074 1059 1210 1084 manus
1237 1047 1475 1092 intentantes,

106 1127 141 1157 ¹5
158 1122 312 1148 causam
342 1111 550 1149 discordiae
580 1118 616 1148 et
644 1111 790 1148 initium
815 1123 1018 1157 armorum,
1043 1112 1208 1149 maxime
1237 1111 1373 1148 infensi
1403 1111 1473 1148 Cn.

155 1175 328 1221 Lentulo,
362 1176 464 1225 quod
502 1176 533 1213 is
570 1183 656 1213 ante
695 1176 788 1213 alios
825 1183 945 1213 aetate
983 1183 1019 1213 et
1056 1176 1175 1225 gloria
1209 1176 1293 1213 belli
1328 1175 1476 1213 firmare

155 1240 323 1278 Drusum
351 1241 571 1278 credebatur
599 1249 635 1278 et
661 1241 722 1278 illa
750 1241 900 1278 militiae
929 1240 1070 1290 flagitia
1098 1241 1240 1290 primus
1271 1240 1476 1290 aspernari.

156 1317 227 1342 nec
255 1305 374 1343 multo
403 1312 490 1355 post
516 1306 789 1355 digredientem
819 1317 906 1342 cum
931 1305 1094 1343 Caesare
1124 1317 1169 1343 ac
1200 1305 1352 1354 provisu
1378 1304 1476 1354 peri·
1495 1315 1517 1344 2

155 1370 228 1407 culi
257 1370 411 1407 hiberna
440 1377 560 1407 castra
589 1377 822 1420 repetentem
850 1370 1137 1415 circumsistunt,
1166 1369 1372 1418 rogitantes
1400 1380 1477 1418 quo

105 1450 144 1472 πε
157 1441 338 1484 pergeret,
363 1434 411 1472 ad
434 1435 700 1484 imperatorem
727 1447 776 1471 an
803 1434 850 1471 ad
876 1442 1012 1483 patres,
1033 1440 1074 1470 ut
1097 1434 1168 1471 illic
1194 1445 1345 1483 quoque
1371 1445 1477 1470 com-

155 1499 280 1536 modis
312 1498 505 1548 legionum
540 1499 816 1545 adversaretur3
848 1499 957 1535 simul
989 1499 1177 1548 ingruunt,
1208 1510 1300 1535 saxa
1327 1498 1478 1535 iaciunt.

156 1565 306 1612 iamque
335 1564 470 1614 lapidis
499 1565 574 1602 ictu
603 1572 778 1602 cruentus
806 1570 843 1601 et
873 1563 974 1601 exitii
1008 1570 1131 1601 certus
1162 1563 1325 1601 adcursu
1353 1562 1478 1599 multi·
1496 1575 1517 1604 3

157 1628 295 1666 tudinis
324 1641 421 1678 quae
452 1641 541 1668 cum
570 1628 698 1666 Druso
727 1628 930 1666 advenerat
958 1635 1150 1677 protectus
1178 1635 1245 1665 est.

210 1698 278 1731 28.
309 1693 476 1731 Noctem
502 1693 691 1731 minacem
717 1700 753 1731 et
773 1693 812 1730 in
838 1693 961 1731 scelus
986 1700 1199 1742 erupturam
1229 1692 1305 1730 fors
1327 1691 1476 1729 lenivit:

105 1775 141 1804 ²5
157 1771 245 1795 nam
276 1759 365 1796 luna
403 1759 506 1796 claro
543 1764 696 1808 repente
733 1758 840 1796 caelo
874 1759 953 1795 visa
986 1758 1244 1807 languescere.
1299 1757 1338 1794 id
1371 1756 1519 1797 miles2

155 1823 307 1861 rationis
345 1823 497 1872 ignarus
535 1835 649 1860 omen
687 1823 943 1872 praesentium
981 1822 1136 1871 accepit,
1171 1823 1247 1859 suis
1284 1821 1478 1858 laboribus

157 1887 408 1925 defectionem
432 1887 560 1925 sideris
580 1888 822 1934 adsimulans,
844 1899 1099 1937 prospereque
1119 1898 1272 1924 cessura
1294 1897 1368 1935 qua
1394 1897 1478 1935 per-

155 1959 297 2002 gerent,
329 1953 359 1989 si
393 1952 517 2002 fulgor
545 1959 582 1990 et
612 1952 796 1991 claritudo
827 1952 920 1990 deae
952 1951 1179 1989 redderetur.
1234 1950 1345 2000 igitur
1381 1950 1478 1988 aeris
1497 1960 1519 1990 3

157 2029 264 2064 sono,
287 2018 461 2054 tubarum
492 2029 754 2066 cornuumque
784 2023 973 2055 concentu
993 2023 1179 2065 strepere:
1210 2022 1324 2064 prout
1352 2014 1477 2063 splen-

103 2097 145 2128 30
158 2081 278 2120 didior
308 2081 556 2125 obscuriorve,
586 2081 712 2118 laetari
745 2088 809 2118 aut
841 2092 1032 2126 maerere;
1065 2087 1102 2117 et
1135 2085 1340 2129 postquam
1373 2087 1478 2117 ortae

158 2147 277 2183 nubes
305 2146 469 2184 offecere
497 2146 590 2183 visui
618 2145 878 2195 creditumque
901 2145 1094 2183 conditam
1124 2145 1299 2190 tenebris,
1323 2149 1364 2182 ut
1392 2151 1480 2181 sunt

157 2210 318 2248 mobiles
337 2210 385 2247 ad
406 2210 709 2260 superstitionem
734 2210 932 2259 perculsae
956 2209 1073 2247 semel
1093 2216 1253 2255 mentes,
1274 2208 1343 2246 sibi
1362 2215 1478 2246 aeter·

157 2287 250 2313 num
283 2274 454 2313 laborem
491 2274 676 2324 portendi,
714 2286 782 2312 sua
814 2274 979 2312 facinora
1013 2274 1174 2312 aversari
1209 2273 1302 2312 deos
1331 2272 1478 2311 lamen-
