1612 2493
182 107 232 144 86
309 113 344 144 C.
379 113 551 145 TACJTI
573 111 856 143 ANNALJUM.
911 112 1005 143 ΜΒ.
1034 112 1064 143 J.
1105 113 1202 144 CAP.
1236 107 1374 154 79—81.

183 221 412 261 recusantes,
441 214 583 264 quippe
615 213 655 251 in
687 212 898 251 adiacentia
930 220 1172 263 erupturum;
1206 220 1361 264 optume
1389 214 1500 252 rebus

183 279 398 317 mortalium
418 278 653 317 consuluisse
674 285 859 323 naturam,
876 290 973 327 quae
994 290 1061 315 sua
1081 290 1146 316 ora
1165 278 1394 325 fluminibus,
1411 291 1501 316 suos

184 355 325 389 cursus,
354 350 470 392 utque
499 343 697 391 originem,
728 343 777 379 ita
807 342 899 380 fines
929 342 1097 389 dederit;
1131 342 1359 392 spectandas
1386 344 1502 381 etiam

182 408 386 457 religiones
413 408 614 451 sociorum,
639 407 702 456 qui
729 419 837 444 sacra
861 414 896 444 et
921 407 1030 444 lucos
1057 413 1093 444 et
1117 419 1201 444 aras
1226 407 1353 456 patriis
1380 408 1501 445 amni-

147 473 254 519 5bus
283 472 509 510 dicaverint:
547 472 638 520 quin
673 471 799 520 ipsum
832 471 1003 509 Tiberim
1038 471 1139 508 nolle
1175 483 1330 521 prorsus
1363 472 1539 510 accolis4

182 536 302 574 fluviis
329 537 505 574 orbatum
524 536 670 573 minore
690 535 810 584 gloria
829 535 956 574 fluere.
1013 548 1081 573 seu
1101 548 1234 586 preces
1263 536 1499 574 coloniarum
1520 544 1541 572 5

183 613 250 638 seu
270 601 467 638 difficultas
488 613 645 650 operum
667 601 743 638 sive
768 601 982 650 superstitio
1002 601 1127 645 valuit,
1148 607 1189 637 ut
1213 600 1250 636 in
1276 601 1502 638 sententiam

186 664 254 703 Cn.
275 665 425 702 Pisonis
444 665 729 709 concederetur,
750 666 812 714 qui
833 665 884 702 nil
904 665 1128 702 mutandum
1151 671 1360 703 censuerat.

237 733 308 767 80.
348 729 580 779 Prorogatur
613 729 796 779 Poppaeo
831 729 973 767 Sabino
1011 730 1206 779 provincia
1240 729 1399 774 Moesia,
1436 729 1503 767 ad-

133 809 171 832 10
183 794 269 832 ditis
293 794 440 832 Achaia
468 807 513 832 ac
540 793 784 831 Macedonia.
832 794 870 831 id
900 806 1053 844 quoque
1082 806 1232 831 morum
1252 793 1394 831 Tiberii
1424 793 1502 840 fuit,
1521 799 1543 829 2

182 859 404 898 continuare
441 859 599 908 imperia
631 871 675 896 ac
713 859 914 908 plerosque
949 859 997 895 ad
1030 858 1143 895 finem
1178 858 1273 895 vitae
1310 858 1349 894 in
1381 858 1502 895 isdem

183 924 409 961 exercitibus
430 931 494 961 aut
514 923 834 961 iurisdictionibus
858 923 1005 961 habere.
1049 935 1186 960 causae
1206 924 1330 960 variae
1349 922 1502 960 tradun-
1521 928 1542 958 3

183 995 261 1026 tur:
293 988 353 1026 alii
381 988 507 1026 taedio
536 1001 657 1026 novae
685 1000 796 1026 curae
825 988 943 1026 semel
970 988 1108 1037 placita
1136 999 1206 1037 pro
1235 988 1395 1026 aeternis
1424 999 1502 1024 ser-

182 1055 336 1100 vavisse,
361 1054 516 1103 quidam
545 1053 695 1098 invidia,
721 1065 769 1090 ne
798 1053 924 1102 plures
951 1053 1185 1099 fruerentur3
1225 1059 1312 1090 sunt
1335 1052 1399 1101 qui
1425 1053 1503 1090 exi-

133 1132 169 1164 15
185 1119 350 1164 sument,
370 1125 411 1155 ut
431 1118 606 1155 callidum
628 1118 708 1155 eius
728 1118 936 1165 ingenium,
957 1119 1007 1154 ita
1027 1118 1181 1154 anxium
1205 1117 1407 1164 iudicium;
1437 1128 1503 1154 ne-

183 1194 258 1232 que
282 1183 383 1220 enim
411 1183 613 1220 eminentis
633 1183 786 1220 virtutes
813 1183 1036 1227 sectabatur,
1064 1189 1101 1219 et
1128 1194 1273 1219 rursum
1297 1183 1384 1219 vitia
1410 1182 1504 1219 ode—

183 1254 260 1285 rat:
290 1260 338 1285 ex
361 1248 514 1297 optimis
540 1247 749 1297 periculum
776 1247 857 1292 sibi,
881 1259 903 1283 a
925 1247 1098 1296 pessimis
1122 1247 1287 1285 dedecus
1311 1246 1502 1295 publicum

183 1313 385 1350 metuebat.
433 1324 509 1361 qua
542 1312 791 1349 haesitatione
824 1318 1021 1361 postremo
1055 1323 1102 1349 eo
1135 1318 1337 1361 provectus
1365 1318 1434 1357 est,
1463 1318 1502 1348 ut
1521 1322 1544 1350 4

184 1377 417 1414 mandaverit
437 1377 666 1426 quibusdam
693 1377 919 1426 provincias,
941 1388 1038 1426 quos
1062 1376 1190 1426 egredi
1213 1377 1306 1414 urbe
1329 1388 1407 1414 non
1427 1381 1505 1413 erat

131 1456 172 1480 πο
184 1454 373 1492 passurus.
761 1482 765 1487 ,
1366 1479 1368 1481 ,

239 1511 300 1545 81.
330 1507 390 1544 De
417 1506 578 1545 comitiis
602 1506 874 1549 consularibus,
895 1519 993 1556 quae
1020 1513 1099 1544 tum
1127 1507 1291 1556 primurn
1315 1506 1378 1544 illo
1404 1505 1505 1555 prin-

183 1572 270 1621 cipe
289 1584 334 1610 ae
355 1572 536 1621 deinceps
556 1571 669 1617 fuere,
685 1572 745 1608 vix
765 1572 969 1620 quicquam
991 1572 1139 1608 firmare
1158 1572 1303 1609 ausim:
1334 1571 1430 1609 adeo
1450 1570 1505 1608 di-

184 1649 290 1675 versa
313 1649 393 1674 non
420 1637 539 1675 modo
565 1636 667 1686 apud
691 1643 863 1674 auctores
887 1636 954 1673 sed
981 1637 1020 1673 in
1047 1637 1164 1686 ipsius
1190 1637 1421 1674 orationibus
1447 1648 1504 1673 re-

183 1703 387 1750 periuntur.
416 1701 535 1738 modo
552 1702 752 1738 subtractis
772 1701 1061 1738 candidatorum
1083 1700 1300 1738 nominibus
1319 1701 1504 1749 originem
1522 1708 1544 1737 2

134 1781 170 1813 ²5
186 1767 365 1815 cuiusque
390 1772 427 1803 et
449 1766 564 1803 vitam
591 1772 628 1802 et
654 1765 842 1815 stipendia
869 1766 1077 1815 descripsit,
1100 1772 1140 1802 ut
1164 1765 1227 1815 qui
1252 1765 1374 1802 forent
1397 1764 1505 1802 intel-

184 1831 391 1880 legeretur:
421 1830 629 1880 aliquando
653 1843 698 1868 ea
719 1842 872 1879 quoque
900 1830 1176 1879 significatione
1202 1830 1391 1867 subtracta
1414 1842 1505 1867 can-

183 1895 333 1934 didatos
354 1895 537 1941 hortatus,
554 1907 602 1932 ne
622 1896 766 1933 ambitu
786 1895 938 1932 comitia
958 1895 1161 1940 turbarent,
1182 1906 1292 1932 suam
1313 1894 1361 1932 ad
1381 1894 1419 1931 id
1440 1906 1505 1932 cu-

183 1972 265 1998 ram
286 1961 472 2010 pollicitus
494 1966 560 1998 est.
608 1960 832 2010 plerumque
856 1971 925 1997 eos
949 1966 1096 2009 tantum
1121 1958 1223 2008 apud
1248 1970 1288 1996 se
1312 1958 1505 2008 professos
1523 1970 1544 2000 3

184 2025 370 2070 disseruit,
391 2037 552 2074 quorum
574 2025 732 2062 nomina
751 2024 972 2062 consulibus
992 2023 1170 2060 edidisset
1182 2034 1193 2069 3
1223 2034 1338 2072 posse
1358 2030 1394 2060 et
1413 2022 1506 2060 alios

132 2105 173 2136 30
186 2090 364 2139 profiteri,
389 2090 419 2126 si
445 2090 587 2138 gratiae
614 2096 679 2128 aut
703 2089 846 2127 meritis
875 2088 1134 2126 confiderent:
1170 2088 1346 2137 speciosa
1372 2087 1505 2131 verbis,

184 2167 224 2192 re
252 2154 381 2191 inania
409 2160 473 2190 aut
501 2153 674 2198 subdola,
704 2161 926 2202 quantoque
954 2152 1098 2189 maiore
1130 2152 1311 2190 libertatis
1338 2151 1506 2201 imagine

184 2219 420 2269 tegebantur,
441 2224 548 2255 tanto
568 2225 745 2268 eruptura
763 2217 812 2256 ad
832 2217 1015 2255 infensius
1035 2216 1234 2255 servitium.
