1612 2493
155 70 320 142 A.D214.]
552 93 704 125 LIBER
731 94 761 125 J.
803 93 903 125 CAP.
938 98 1076 135 10-13.
1431 96 1476 132 51

115 206 250 239 7tates
282 211 326 236 ac
359 197 587 246 largitiones.
645 208 742 247 quae
781 202 917 233 cuncta
949 207 1016 231 sua
1054 206 1170 231 manu
1208 193 1476 242 perscripserat

71 253 74 255 Α
154 264 351 312 Augustus
385 262 659 311 addideratque
692 260 892 299 consilium
927 258 1131 296 coercendi
1166 257 1262 295 intra
1296 256 1476 295 terminos

153 328 310 377 imperii,
334 327 520 364 incertum
547 333 650 363 metu
678 337 728 362 an
757 336 823 373 per
852 323 1040 360 invidiam.

208 397 266 430 12.
298 391 403 429 Inter
435 403 531 440 quae
563 397 697 428 senatu
728 389 777 427 ad
810 388 960 426 infimas
992 387 1266 425 obtestationes
1298 397 1477 436 procum-

154 457 277 501 bente,
300 456 391 493 dixit
420 455 516 493 forte
543 454 718 491 Tiberius
745 465 785 490 se
808 460 848 490 ut
868 465 947 490 non
970 452 1038 490 toti
1064 451 1116 489 rei
1143 451 1314 501 publicae
1335 462 1477 499 parem,
1494 464 1509 496 5

154 524 206 559 ita
234 533 496 570 quaecumque
530 531 617 569 pars
651 518 719 555 sibi
751 517 1002 563 mandaretur,
1031 516 1110 555 eius
1139 516 1295 553 tutelam
1324 527 1477 563 suscep-

113 593 134 621 2
156 594 292 624 turum.
362 592 442 623 tum
485 584 638 625 Asinius
682 582 814 620 Gallus
855 580 1086 631 ‘interrogo’
1125 581 1255 630 inquit,
1300 579 1476 626 ‘Caesar‚

114 654 136 683 3
155 663 270 700 quam
307 657 451 700 partem
488 649 541 686 rei
578 648 750 698 publicae
787 647 959 684 mandari
996 647 1061 684 tibi
1104 645 1219 683 velis?
1282 644 1476 694 perculsus

155 715 342 765 inprovisa
361 714 655 762 interrogatione
674 712 830 762 paulum
854 711 1020 749 reticuit:
1050 711 1136 748 dein
1157 710 1317 749 collecto
1347 709 1475 746 animo

155 779 351 829 respondit
390 790 631 828 nequaquam
671 776 851 815 decorum
892 776 1028 825 pudori
1068 788 1136 814 suo
1173 775 1296 825 legere
1335 774 1475 824 aliquid
1495 789 1530 811 ιο

115 847 218 881 4aut
249 844 386 881 evitare
418 856 466 880 ex
498 855 555 888 eo,
586 842 645 879 cui
677 841 716 878 in
750 841 965 878 universum
998 841 1169 878 excusari
1202 840 1340 877 mallet.
1396 851 1476 877 rur-

156 920 239 945 sum
277 907 407 945 Gallus
442 905 595 957 (etenim
633 905 735 942 vultu
772 905 1026 943 offensionem
1064 903 1355 954 coniectaverat)
1397 916 1476 942 non

119 991 123 994 ·
155 973 296 1010 idcirco
316 973 584 1020 interrogatum
605 970 665 1015 ait,
685 977 725 1007 ut
744 970 925 1007 divideret
954 982 1052 1019 quae
1079 970 1243 1019 separari
1267 969 1474 1018 nequirent,

156 1037 224 1075 sed
252 1043 292 1074 ut
324 1048 392 1073 sua
422 1034 658 1074 confessione
691 1041 917 1087 argueretur,
947 1046 1066 1071 unum
1099 1046 1181 1072 esse
1214 1033 1265 1071 rei
1302 1034 1476 1083 publicae

117 1109 293 1151 5corpus
329 1108 441 1149 atque
478 1100 588 1137 unius
621 1100 749 1137 animo
781 1099 1001 1148 regendum.
1058 1099 1201 1136 addidit
1239 1098 1391 1136 laudem
1428 1097 1526 1143 de15

156 1167 328 1215 Augusto
354 1165 621 1213 Tiberiumque
650 1164 774 1213 ipsum
797 1164 1035 1202 victoriarum
1059 1176 1209 1201 suarum
1236 1174 1406 1212 quaeque
1436 1162 1474 1199 in

115 1236 138 1265 6
157 1238 244 1280 toga
266 1243 333 1280 per
352 1236 407 1267 tot
432 1242 553 1268 annos
577 1229 726 1278 egregie
752 1229 900 1266 fecisset
919 1229 1124 1267 admonuit.
1183 1241 1253 1265 nec
1277 1228 1362 1266 ideo
1382 1228 1475 1264 iram

156 1296 234 1333 eius
262 1295 396 1340 lenivit,
421 1294 568 1344 pridem
596 1294 746 1339 invisus,
772 1301 966 1343 tamquam
995 1294 1109 1332 ducta
1135 1293 1173 1330 in
1195 1292 1475 1330 matrimonium

155 1360 340 1410 Vipsania
376 1359 433 1398 M.
471 1359 664 1409 Agrippae
702 1359 786 1404 filia,
824 1371 921 1408 quae
962 1358 1157 1407 quondam
1197 1357 1338 1395 Tiberii
1379 1369 1476 1395 uxor

155 1426 284 1472 fuerat,
316 1425 400 1475 plus
433 1437 548 1474 quam
581 1424 699 1462 civilia
730 1424 886 1473 agitaret
920 1423 1171 1473 Pollionisque
1205 1422 1325 1460 Asinii
1358 1422 1474 1472 patris
1492 1437 1531 1459 20

156 1490 336 1529 ferociam
367 1490 552 1528 retineret.

209 1560 270 1594 13.
303 1556 393 1594 Post
426 1567 522 1604 quae
556 1554 600 1592 L.
635 1554 834 1591 Arruntius
866 1553 968 1591 haud
1002 1553 1162 1591 multum
1201 1552 1419 1601 discrepans
1455 1563 1477 1589 a

157 1620 256 1658 Galli
283 1620 451 1658 oratione
480 1619 634 1669 perinde
663 1619 830 1664 offendit,
851 1631 1083 1668 quamquam
1103 1618 1257 1655 Tiberio
1285 1617 1388 1654 nulla
1414 1628 1479 1655 ve-

156 1692 215 1722 tus
241 1685 279 1722 in
302 1685 523 1722 Arruntium
552 1684 629 1721 ira:
659 1683 726 1721 sed
755 1684 915 1728 divitem,
945 1689 1176 1732 promptum,
1206 1681 1347 1719 artibus
1373 1692 1479 1730 egre-

116 1758 137 1786 2
156 1751 224 1799 giis
261 1756 298 1787 et
337 1749 418 1799 pari
455 1749 556 1786 fama
592 1748 752 1798 publice,
791 1748 1040 1797 suspectabat.
1103 1747 1242 1796 quippe
1283 1746 1478 1795 Augustus
1494 1761 1531 1792 ²5

157 1814 339 1863 supremis
377 1813 614 1851 sermonibus
653 1825 741 1850 cum
778 1819 964 1857 tractaret,
993 1812 1152 1861 quinam
1185 1811 1341 1860 adipisci
1377 1811 1478 1861 prin-

156 1879 280 1928 cipem
316 1878 444 1916 locum
481 1877 670 1915 suffecturi
708 1878 916 1914 abnuerent
953 1883 1018 1914 aut
1055 1877 1205 1926 inpares
1250 1876 1385 1927 yellent
1421 1875 1480 1913 vel

156 1942 260 1980 idern
297 1949 452 1992 possent
489 1948 753 1991 cuperentque,
789 1940 856 1980 Μ’.
888 1941 1076 1991 Lepidum
1114 1932 1257 1978 dixerat
1295 1953 1478 1990 capacem

157 2007 223 2044 sed
256 2014 532 2056 aspernantem,
564 2007 715 2045 Gallum
746 2006 918 2043 Asinium
951 2006 1101 2043 avidum
1134 2013 1171 2044 et
1207 2006 1404 2051 minorem,
1434 2005 1478 2043 L.

115 2077 137 2106 3
157 2071 375 2108 Arruntium
402 2083 482 2109 non
505 2072 703 2120 indignum
731 2078 778 2117 et,
803 2071 833 2108 si
861 2083 971 2109 casus
1001 2071 1160 2116 daretur,
1183 2082 1373 2108 ausurum.
1430 2069 1477 2108 de
1492 2085 1533 2116 30

157 2137 342 2186 prioribus
365 2137 605 2182 consentitur,
631 2149 700 2186 pro
724 2136 903 2174 Arruntio
932 2136 1086 2185 quidam
1111 2136 1182 2173 Cn.
1204 2135 1383 2174 Pisonem
1405 2142 1479 2173 tra-

157 2201 306 2246 didere;
341 2213 548 2249 omnesque
584 2207 731 2250 praeter
768 2200 956 2250 Lepidum
994 2201 1102 2238 variis
1136 2213 1227 2238 mox
1261 2201 1478 2237 criminibus

116 2271 140 2299 4
159 2272 321 2303 struente
360 2266 514 2304 Tiberio
548 2265 790 2303 circumventi
831 2273 928 2304 sunt.
984 2266 1097 2303 etiam
1136 2265 1185 2312 Q.
1224 2265 1402 2303 Haterius
1442 2271 1478 2303 et

786 2342 808 2366 r:
830 2339 849 2363 2
