1612 2493
133 108 211 135 Μ).
234 92 301 148 14.]
550 100 700 132 LJBER
727 100 758 132 J.
782 99 881 132 CAP.
911 106 1054 141 41-44·
1407 99 1454 145 67

132 203 203 241 tori
233 215 322 241 meo
355 202 512 252 infigere
541 203 736 252 parabam,
770 201 991 248 detraxistis,
1026 213 1050 238 0
1089 200 1277 250 inprovidi
1317 199 1454 237 amici?

91 276 112 306 2
132 268 267 306 melius
296 274 333 305 et
363 267 550 305 amantius
584 267 643 304 ille
676 267 741 317 qui
770 267 939 316 gladium
973 265 1169 303 offerebat.
1227 264 1454 302 cecidissem

132 339 231 370 certe
260 331 434 369 nondum
464 338 521 369 tot
548 331 778 381 flagitiorum
800 330 979 368 exercitui
1002 342 1090 368 meo
1112 330 1311 375 conscius;
1342 328 1455 378 legis-

110 397 221 450 „setis
250 396 398 443 ducem,
431 397 495 446 qui
523 408 650 433 meam
678 396 832 445 quidem
862 402 1026 433 mortem
1059 395 1273 444 inpunitam
1304 393 1453 438 sineret,

93 449 117 499 3Ἰ
132 460 225 498 Vari
250 467 379 499 tamen
405 468 442 499 et
467 461 578 498 trium
606 461 800 510 legionum
827 459 1080 497 ulcisceretur.
1136 470 1260 507 neque
1287 458 1390 495 enim
1419 457 1455 494 di
1472 472 1490 504 5

133 527 258 577 sinant
290 533 330 564 ut
364 526 569 579 Belgarum
601 537 835 575 quamquam
869 524 1112 562 offerentium
1143 523 1259 560 decus
1291 522 1391 559 istud
1420 528 1456 559 et

133 591 319 629 claritudo
349 580 647 637 sit,‘subvenisse
678 590 859 627 Romano
882 589 1040 634 nomini,
1063 575 1335 637 compressisse
1360 586 1456 624 Ger-

91 656 284 693 4maniae
321 656 497 705 populos.
553 662 628 699 tua,
659 654 742 692 dive
783 656 968 702 Auguste,
1002 653 1109 691 caelo
1142 659 1294 702 recepta
1333 663 1454 695 mens,

132 727 208 766 tua,
238 727 345 770 pater
373 720 508 766 Druse,
530 720 668 769 imago,
690 719 742 756 tui
772 718 956 756 memoria
984 718 1107 756 isdem
1135 718 1214 755 istis
1244 729 1331 754 curn
1360 716 1456 753 mili-

134 786 243 831 tibus,
263 797 359 834 quos
382 785 455 821 iam
481 784 605 834 pudor
632 792 668 822 et
691 783 810 832 gloria
838 784 960 828 intrat,
982 782 1108 820 eluant
1136 782 1236 820 hanc
1266 781 1455 819 maculam
1473 796 1510 818 10

97 862 119 891 5
137 852 286 903 irasque
307 852 433 890 civiles
453 851 491 888 in
510 850 668 888 exitium
688 849 859 888 hostibus
880 856 1035 887 vertant.
1087 861 1155 886 vos
1178 860 1339 899 quoque,
1360 859 1454 897 quo-

132 934 216 959 rum
240 922 311 958 alia
334 933 435 958 nunc
462 933 540 965 ora,
562 921 633 957 alia
658 927 813 969 pectora
842 928 1035 966 contueor,
1064 920 1094 957 si
1125 919 1268 967 legatos
1296 917 1452 963 senatui,

132 993 353 1042 obsequium
386 992 614 1041 imperatori,
644 992 675 1028 si
710 991 801 1028 mihi
836 991 1041 1039 coniugem
1073 996 1108 1027 et
1137 989 1256 1026 filium
1290 984 1451 1034 re‘dditis,

129 1055 309 1093 discedite
330 1068 352 1092 a
372 1061 549 1091 contactu
570 1066 613 1091 ac
638 1054 789 1091 dividite
809 1053 980 1091 turbidos
997 1067 1006 1091 ;
1037 1053 1075 1090 id
1096 1052 1228 1089 stabile
1255 1051 1303 1089 ad
1324 1052 1453 1101 paeni-

129 1121 296 1164 tentiam,
325 1120 363 1157 id
392 1119 479 1156 fidei
510 1119 703 1156 vinculum
732 1118 823 1156 erit.’
1470 1132 1505 1164 15

182 1189 251 1222 44.
282 1184 481 1233 Supplices
501 1184 549 1221 ad
578 1184 673 1221 haec
694 1190 730 1220 et
751 1196 837 1220 vera
860 1182 1080 1232 exprobrari
1099 1181 1259 1219 fatentes
1289 1181 1452 1218 orabant

128 1250 280 1300 puniret
324 1249 474 1293 noxios,
515 1248 734 1296 ignosceret
770 1248 886 1297 lapsis
929 1255 965 1284 et
1004 1247 1158 1284 duceret
1197 1246 1235 1283 in
1275 1245 1452 1284 hostem:

128 1320 363 1352 revocaretur
394 1313 574 1358 coniunx,
603 1314 742 1351 rediret
776 1314 971 1362 legionum
1002 1312 1179 1348 alumnus
1213 1323 1308 1347 neve
1338 1321 1454 1359 opses

89 1390 111 1418 2
130 1378 248 1417 Gallis
268 1379 488 1416 traderetur.
543 1378 705 1415 reditum
725 1378 959 1427 Agrippinae
980 1376 1173 1413 excusavit
1193 1376 1244 1412 ob
1265 1374 1454 1411 inminen-

126 1450 204 1481 tem
232 1450 381 1492 partum
409 1450 447 1481 et
474 1443 662 1489 hiemem;
693 1449 891 1479 venturum
920 1441 1061 1478 filium:
1093 1446 1218 1478 cetera
1246 1439 1317 1488 ipsi
1344 1450 1453 1476 exse·
1468 1453 1508 1475 20

89 1514 342 1557 3querentur.
399 1508 614 1545 discurrunt
651 1506 784 1543 mutati
822 1512 858 1543 et
896 1504 1224 1543 seditiosissimum
1263 1515 1454 1553 quemque

128 1572 274 1609 vinctos
304 1571 455 1609 trahunt
483 1571 531 1609 ad
560 1571 728 1620 legatum
758 1570 918 1619 legionis
946 1569 1090 1619 primae
1121 1568 1166 1606 C.
1195 1567 1452 1614 Caetronium,

128 1637 191 1685 qui
211 1636 389 1673 iudicium
409 1643 445 1674 et
467 1648 612 1686 poenas
631 1636 678 1673 de
708 1636 866 1685 singulis
891 1635 929 1671 in
958 1634 1058 1671 hunc
1085 1633 1245 1671 modum
1275 1633 1452 1670 exercuit.

89 1711 111 1739 4
129 1701 276 1738 stabant
295 1713 365 1750 pro
386 1702 566 1738 contione
587 1699 758 1749 legiones
782 1699 969 1737 destrictis
995 1698 1156 1747 gladiis,
1185 1709 1271 1735 reus
1300 1697 1340 1734 in
1364 1709 1454 1745 sug·

129 1773 238 1815 gestu
266 1778 334 1815 per
367 1766 558 1803 tribunum
586 1764 882 1802 ostendebatur:
922 1764 951 1800 si
980 1770 1186 1800 nocentem
1216 1762 1452 1799 adclamave-
1468 1776 1505 1807 ²5

88 1842 111 1872 5
129 1838 223 1875 rant,
244 1843 427 1879 praeceps
448 1831 556 1867 datus
582 1829 846 1867 trucidabatur.
901 1834 938 1865 et
963 1827 1154 1876 gaudebat
1177 1826 1358 1864 caedibus
1387 1826 1454 1863 mi-

129 1896 193 1940 les,
214 1902 409 1945 tamquam
437 1902 557 1933 semet
582 1894 818 1944 absQret3
847 1905 918 1931 nec
939 1892 1082 1930 Caesar
1111 1892 1274 1937 arcebat,
1298 1891 1454 1940 quando

131 1959 233 1996 nullo
257 1959 375 2008 ipsius
403 1959 506 1996 iussu
531 1971 649 2008 penes
677 1958 837 1996 eosdem
866 1957 1020 1995 saevitia
1039 1956 1127 1994 facti
1147 1962 1184 1993 et
1205 1956 1344 1993 invidia
1363 1963 1454 1994 erat.

89 2036 112 2065 6
133 2024 249 2061 secuti
263 2024 480 2072 exemplum
496 2023 664 2061 veterani
684 2022 785 2060 haud
805 2021 923 2059 multo
944 2029 1031 2071 post
1047 2022 1085 2057 in
1106 2021 1282 2058 Raetiam
1303 2022 1454 2058 mittun-

131 2096 200 2133 tur,
230 2088 356 2137 speeie
394 2088 661 2125 defendendae
698 2087 914 2137 provinciae
946 2087 997 2123 ob
1026 2086 1258 2123 imminentis
1294 2085 1453 2131 Suebos,
1469 2100 1509 2131 30

131 2160 298 2190 ceterum
335 2158 376 2189 ut
413 2152 659 2190 avellerentur
697 2152 826 2190 castris
858 2152 1024 2198 trucibus
1063 2151 1187 2188 adhuc
1218 2162 1298 2187 non
1330 2151 1455 2188 minus

91 2228 111 2260 7
131 2217 331 2266 asperitate
361 2217 517 2254 remedii
549 2229 665 2266 quam
705 2217 857 2254 sceleris
898 2216 1092 2254 memoria.
1148 2216 1453 2253 centurionatum

129 2281 217 2320 inde
246 2282 332 2331 egit.
389 2282 521 2319 citatus
550 2283 601 2320 ab
629 2283 854 2332 imperatore
883 2293 1038 2328 nomen,
1067 2281 1251 2327 ordinem,
1281 2279 1454 2330 patriam,

765 2356 786 2381 F
810 2356 828 2379 2
