1612 2493
161 109 207 145 52
433 101 671 134 CORNELII
700 101 757 132 TA
765 101 870 132 CITI
893 100 1170 132 ANNALIUM
1247 93 1383 148 [A.U.c.
1405 101 1479 144 767.

164 203 380 242 Mamercus
410 204 572 242 Scaurus
602 204 839 253 suspicacem
866 204 1036 241 animum
1069 204 1328 254 perstrinxere,
1357 203 1478 242 Hate-

163 270 237 306 rius
274 281 362 307 cum
396 269 552 306 dixisset
589 271 808 317 ‘quousque
845 268 1004 317 patieris,
1043 268 1195 315 Caesar,
1228 282 1307 307 non
1345 269 1477 306 adesse

164 340 277 383 caput
299 334 351 370 rei
378 332 609 382 publicae?’,
641 332 802 369 Scaurus
825 333 912 382 quia
939 333 1092 379 dixerat,
1117 345 1224 382 spem
1251 345 1333 372 esse
1362 345 1409 370 ex
1431 345 1479 371 eo

162 410 242 435 non
267 397 392 434 inritas
416 397 495 434 fore
518 404 671 434 senatus
693 408 834 446 preces,
859 397 962 446 quod
987 397 1157 436 relationi
1179 398 1378 436 consulum
1399 397 1477 434 iure

127 479 144 509 5
162 462 380 499 tribuniciae
408 461 601 510 potestatis
630 473 709 499 non
734 461 1013 499 intercessisset.
1069 462 1108 498 in
1131 461 1330 499 Haterium
1355 462 1478 500 statim
1496 470 1518 499 5

161 527 330 564 invectus
357 532 440 571 est3
472 525 668 569 Scaurum,
695 525 755 562 cui
780 526 1037 575 inplacabilius
1065 526 1303 572 irascebatur,
1331 526 1478 564 silentio

161 591 326 628 tramisit.
383 590 578 638 fessusque
612 589 776 638 clamore
805 591 988 636 omnium,
1019 590 1319 639 expostulatione
1352 591 1519 639 singu-6

158 655 282 694 lorum
301 655 404 691 flexit
421 655 612 703 paulatim,
632 667 711 692 non
733 660 774 692 ut
797 654 971 692 fateretur
997 655 1135 704 suscipi
1158 667 1180 692 a
1199 667 1240 693 se
1267 655 1477 704 imperium,

162 720 227 757 sed
260 726 300 755 ut
332 731 471 767 negare
499 725 537 756 et
563 719 689 767 rogari
718 719 914 757 desineret.
971 726 1119 757 constat
1149 719 1361 764 Haterium,
1390 731 1478 757 cum
1496 728 1517 759 7

114 802 148 822 ιο
163 783 391 834 deprecandi
424 795 538 821 causa
578 783 763 821 Palatium
794 784 981 822 introisset
1009 785 1311 833 ambulantisque
1338 783 1480 821 Tiberii

161 861 287 897 genua
315 848 581 893 advolveretur,
610 860 729 897 prope
757 859 781 885 a
807 848 986 886 militibus
1013 848 1263 894 interfectum,
1295 848 1382 898 quia
1410 849 1478 886 Ti-

161 914 283 951 berius
315 924 405 951 casu
444 924 493 949 an
530 913 703 963 manibus
740 913 820 950 eius
852 913 1040 962 inpeditus
1078 913 1300 962 prociderat.
1355 925 1478 962 neque

160 985 287 1015 tamen
318 977 483 1027 periculo
515 977 597 1013 talis
630 977 696 1013 viri
724 977 914 1025 mitigatus
943 984 1009 1022 est,
1039 977 1163 1015 donec
1194 977 1372 1015 Haterius
1400 978 1480 1015 Au-

161 1049 311 1093 gustam
335 1047 458 1080 oraret
484 1042 638 1090 eiusque
665 1042 903 1079 curatissimis
929 1031 1103 1091 precibus
1129 1048 1397 1091 protegeretur.

113 1123 148 1154 ¹5
214 1111 276 1145 14.
306 1106 429 1144 Multa
450 1112 599 1155 patrum
618 1113 654 1143 et
674 1106 712 1142 in
733 1107 943 1154 Augustam
963 1106 1135 1144 adulatio.
1191 1107 1251 1143 alii
1274 1114 1478 1156 parentem,
1497 1117 1520 1146 2

162 1172 220 1209 alii
243 1178 402 1208 matrem
424 1171 563 1220 patriae
585 1170 860 1219 appellandam,
881 1171 1047 1220 plerique
1069 1177 1110 1208 ut
1138 1171 1282 1209 nomini
1309 1171 1480 1210 Caesaris

163 1237 434 1274 adscriberetur
456 1239 464 1254 ‘
478 1235 594 1272 Iuliae
614 1233 732 1271 filius'
752 1235 969 1272 censebant.
1016 1235 1075 1272 ille
1095 1235 1349 1273 moderandos
1375 1235 1479 1273 femi-
1498 1247 1520 1275 3

161 1313 295 1338 narum
327 1300 490 1338 honores
523 1299 698 1337 dictitans
732 1299 941 1348 eademque
972 1312 1012 1337 se
1046 1300 1293 1349 temperantia
1324 1311 1479 1337 usurum

162 1367 200 1402 in
228 1366 271 1402 iis
300 1377 396 1414 quae
426 1365 494 1401 sibi
519 1365 778 1414 tribuerentur,
808 1371 974 1402 ceterum
1006 1364 1140 1401 anxius
1167 1365 1305 1401 invidia
1335 1371 1372 1401 et
1397 1376 1479 1401 mu-

112 1431 274 1468 zoliebre
303 1429 490 1478 fastigium
522 1429 560 1465 in
594 1429 893 1467 deminutionem
924 1429 979 1466 sui
1008 1429 1199 1478 accipiens
1232 1441 1280 1466 ne
1311 1429 1481 1467 lictorem

162 1495 315 1545 quidem
353 1494 386 1530 ei
423 1494 575 1531 decerni
612 1506 746 1542 passus
781 1500 838 1530 est
875 1506 1053 1543 aramque
1085 1493 1299 1543 adoptionis
1335 1500 1372 1530 et
1409 1494 1481 1530 alia

161 1560 316 1597 huiusce
337 1558 440 1596 modi
459 1558 658 1607 prohibuit.
715 1565 753 1595 at
773 1557 1002 1596 Germanico
1029 1557 1183 1596 Caesari
1209 1558 1479 1608 proconsulare
1495 1566 1522 1596 4

160 1625 361 1673 imperium
384 1624 523 1673 petivit,
543 1624 723 1672 missique
743 1623 855 1672 legati
884 1624 949 1672 qui
978 1622 1174 1668 deferrent,
1194 1623 1306 1660 simul
1331 1623 1481 1660 maesti-

161 1690 251 1726 tiam
271 1690 349 1725 eius
372 1689 423 1726 ob
449 1700 649 1725 excessum
670 1689 831 1736 Augusti
859 1688 1078 1725 solarentur.
1135 1699 1210 1737 quo
1230 1688 1356 1724 minus
1380 1688 1479 1724 idem
1497 1695 1520 1726 5

112 1770 146 1799 25
163 1766 230 1802 pro
266 1752 395 1791 Druso
427 1753 685 1802 postularetur,
719 1764 764 1789 ea
801 1764 916 1790 causa
953 1752 1057 1802 quod
1095 1751 1312 1800 designatus
1348 1753 1481 1790 consul

162 1818 308 1855 Drusus
347 1829 600 1867 praesensque
642 1823 731 1855 erat.
788 1817 1010 1855 candidatos
1046 1822 1242 1866 praeturae
1279 1816 1521 1854 duodecime

162 1883 379 1927 nominavit,
407 1894 608 1920 nnmerum
639 1883 688 1918 ab
711 1881 888 1930 Augusto
917 1881 1095 1918 traditum
1111 1893 1120 1927 ;
1153 1887 1191 1918 et
1218 1880 1395 1917 hortante
1423 1892 1482 1918 se-

162 1957 253 1985 natu
273 1956 313 1984 ut
333 1953 498 1995 augeret.
518 1946 596 1983 iure
616 1946 775 1984 iurando
795 1946 995 1984 obstrinxit
1015 1957 1054 1983 se
1075 1957 1153 1983 non
1173 1957 1428 1983 excessurum.

216 2015 277 2050 15.
307 2011 412 2049 Tum
445 2011 608 2059 primum
641 2022 662 2047 e
699 2022 838 2059 campo
875 2010 1026 2048 comitia
1059 2010 1107 2047 ad
1139 2017 1265 2059 patres
1302 2010 1484 2048 translata

112 2091 153 2123 30
167 2083 273 2113 sunt:
304 2087 395 2112 nam
429 2075 477 2112 ad
509 2087 594 2111 eam
627 2074 737 2120 diem,
771 2074 839 2111 etsi
876 2074 1069 2123 potissima
1106 2074 1256 2112 arbitrio
1293 2074 1482 2124 principis,

165 2140 352 2189 quaedam
394 2146 522 2176 tamen
565 2139 694 2175 studiis
737 2139 901 2175 tribuum
944 2138 1093 2175 fiebant.
1162 2150 1284 2188 neque
1321 2139 1523 2188 populusa

165 2203 385 2253 ademptum
427 2204 483 2240 ius
523 2210 677 2253 questus
715 2210 772 2239 est
812 2202 882 2238 nisi
920 2202 1024 2238 inani
1058 2214 1220 2248 rumore,
1258 2209 1296 2239 et
1332 2210 1483 2240 senatus

166 2268 422 2317 largitionibus
463 2279 509 2307 ae
551 2268 724 2317 precibus
765 2266 924 2305 sordidis
964 2266 1156 2304 exsolutus
1194 2267 1314 2305 libens
1355 2267 1483 2314 tenuit,
