1612 2493
152 92 199 137 76
454 94 695 127 CORNELII
723 94 895 126 TACJTJ
916 96 1192 128 ANNALJUM
1241 89 1377 143 [A.u.e.
1403 97 1476 138 768.

157 209 241 234 rum
280 196 390 235 ducit.
447 197 528 247 ipse
567 197 752 247 inpositas
790 197 947 235 navibus
987 205 1162 247 quattuor
1198 198 1368 248 legiones
1409 207 1516 249 pera

157 261 260 299 lacus
288 263 411 309 vexit3
446 261 629 311 simulque
659 261 778 310 pedes
807 274 924 311 eques
953 262 1082 300 classis
1111 263 1213 312 apud
1242 263 1476 313 praedictum

156 337 309 362 amnem
326 338 546 363 convenere.
603 324 747 363 Chauci
767 338 853 362 cum
873 326 1008 363 auxilia
1027 326 1300 375 pollicerentur,
1313 327 1352 364 in
1372 339 1477 365 com-

156 389 328 427 militium
361 390 493 428 adsciti
523 396 619 428 sunt.
675 389 877 427 Bructeros
911 402 977 427 sua
1007 391 1148 428 urentis
1179 391 1356 440 expedita
1389 398 1517 428 cum4

121 469 137 498 5
156 466 272 491 manu
295 454 338 492 L.
361 453 556 491 Stertinius
577 454 694 491 missu
708 453 924 491 Germanici
937 454 1056 501 fudit3
1086 455 1253 504 interque
1268 455 1425 493 caedem
1441 461 1478 492 et

156 518 337 567 praedam
357 519 519 568 repperit
543 518 872 556 undevicensimae
896 519 1057 568 legionis
1081 519 1245 569 aquilam
1265 531 1353 557 curn
1372 518 1477 556 Varo

156 582 346 619 amissam.
415 583 569 619 ductum
613 582 702 620 inde
748 595 887 631 agmen
924 582 972 620 ad
1009 583 1161 621 ultimos
1198 582 1517 626 Bructerorum‚5

156 653 414 695 quantumque
435 646 620 684 Amisiam
647 654 682 684 et
703 646 863 695 Lupiam
885 659 1017 684 amnes
1044 648 1139 684 inter
1158 653 1355 692 vastatum,
1375 646 1477 684 haud

155 710 287 759 procul
300 709 618 760 Teutoburgiensi
633 711 737 756 saltu,
754 713 792 747 in
808 723 884 761 quo
904 711 1080 761 reliquiae
1097 710 1187 748 Vari
1207 711 1477 761 legionumque

106 790 142 812 ιο
155 774 363 823 insepultae
383 774 614 813 dicebantur.

210 842 270 876 61.
301 838 418 887 Igitur
464 839 604 889 cupido
643 839 847 878 Caesarem
894 840 1036 879 invadit
1083 840 1250 879 solvendi
1301 852 1477 890 suprema

156 903 331 940 militibus
350 902 523 952 ducique,
544 911 718 953 permoto
749 904 797 941 ad
822 906 1102 943 miserationem
1128 906 1235 943 omni
1257 906 1321 954 qui
1348 904 1477 942 aderat

155 968 320 1005 exercitu
349 968 401 1004 ob
432 968 679 1018 propinquos,
701 969 858 1014 amicos,
879 969 1042 1018 denique
1072 970 1123 1007 ob
1153 981 1262 1007 casus
1290 969 1475 1007 bellorum

155 1039 191 1070 et
212 1039 351 1070 sortem
376 1031 590 1071 hominum.
645 1033 854 1084 praemisso
877 1032 1054 1079 Caecina,
1075 1040 1114 1071 ut
1141 1034 1288 1071 occulta
1314 1033 1475 1071 saltuum
1494 1041 1516 1069 2

106 1114 140 1143 15
156 1104 380 1135 scrutaretur
412 1103 624 1147 pontesque
652 1104 689 1134 et
712 1085 869 1146 aggeres
898 1099 1028 1135 umido
1058 1098 1237 1148 paludum
1267 1104 1304 1135 et
1333 1097 1474 1134 fallaci-

155 1163 226 1199 bus
256 1161 402 1210 campis
439 1162 651 1210 inponeret,
683 1162 863 1199 incedunt
894 1170 1074 1213 maestos)
1096 1163 1204 1200 locos
1235 1163 1393 1211 visuque
1431 1173 1475 1198 ac

154 1226 337 1263 memoria
357 1225 547 1264 deformis.
570 1213 579 1238 ἲ
603 1226 723 1275 prima
743 1226 834 1263 Vari
864 1236 984 1263 castra
1009 1227 1084 1264 lato
1105 1227 1249 1264 ambitu
1272 1234 1307 1264 et
1328 1226 1475 1263 dimen·
1495 1235 1517 1264 3

155 1291 206 1328 sis
234 1290 426 1340 principiis
448 1291 558 1328 trium
582 1291 776 1340 legionum
797 1303 932 1328 manus
961 1292 1222 1337 ostentabant3
1252 1290 1340 1327 dein
1364 1290 1476 1327 semi-

154 1363 238 1392 ruto
277 1355 386 1401 vallo,
424 1355 554 1392 humili
599 1355 701 1393 fossa
739 1356 886 1393 accisae
923 1356 999 1393 iam
1038 1356 1216 1405 reliquiae
1255 1354 1476 1392 consedisse

104 1436 142 1458 20
156 1419 490 1469 intellegebantur:
520 1420 646 1457 medio
680 1421 806 1470 campi
840 1420 1003 1457 albentia
1032 1432 1130 1465 ossa,
1160 1426 1200 1457 ut
1224 1418 1406 1468 fugerant,
1436 1425 1477 1455 ut

155 1485 375 1530 restiterant,
391 1485 545 1522 disiecta
559 1485 616 1522 vel
630 1492 821 1534 aggerata.
878 1485 1103 1522 adiacebant
1119 1484 1303 1533 fragmina
1316 1483 1474 1521 telorum
1494 1490 1519 1519 4

155 1561 415 1598 equorumque
442 1555 552 1595 artus,
574 1550 684 1587 simul
704 1544 850 1588 truncis
868 1551 1046 1586 arborum
1067 1549 1231 1586 antefixa
1250 1560 1328 1585 ora.
1384 1547 1477 1584 lueis
1495 1555 1517 1584 5

156 1614 376 1664 propinquis
404 1614 583 1652 barbarae
612 1627 710 1660 arae,
740 1615 841 1664 apud
871 1627 964 1664 quas
993 1615 1164 1651 tribunos
1198 1625 1242 1650 ac
1270 1612 1478 1662 primorum

155 1679 333 1716 ordinum
357 1679 596 1716 centuriones
623 1685 888 1716 mactaverant.
944 1686 981 1716 et
1005 1678 1120 1716 cladis
1145 1677 1224 1715 eius
1248 1676 1476 1726 superstites,
1495 1682 1519 1712 6

105 1759 141 1790 25
156 1755 326 1792 pugnam
354 1750 417 1780 aut
446 1743 593 1781 vincula
625 1744 754 1793 elapsi,
782 1744 993 1781 referebant
1021 1743 1080 1780 hic
1109 1742 1290 1780 cecidisse
1319 1741 1477 1791 legatos,

155 1808 228 1845 illic
257 1814 381 1858 raptas
409 1808 576 1858 aquilas;
618 1809 782 1857 primum
810 1809 873 1845 ubi
901 1809 1034 1845 vulnus
1064 1807 1168 1844 Varo
1197 1806 1385 1851 adactum,
1414 1806 1479 1843 ubi

156 1872 293 1910 infelici
321 1872 475 1910 dextera
504 1879 540 1910 et
569 1885 637 1910 suo
666 1873 742 1910 ictu
770 1881 932 1910 mortem
962 1873 1166 1918 invenerit3
1197 1882 1274 1919 quo
1303 1870 1478 1908 tribunali

156 1938 396 1976 contionatus
430 1938 634 1983 Arminius,
664 1945 757 1987 quot
786 1937 951 1987 patibula
986 1936 1151 1986 captivis,
1181 1947 1278 1985 quae
1311 1935 1478 1981 scrobes,

156 2010 271 2053 utque
292 2002 410 2050 signis
429 2009 466 2040 et
485 2003 618 2052 aquilis
638 2016 705 2053 per
724 2003 937 2053 superbiam
958 2001 1134 2039 inluserit.

107 2084 147 2114 50
213 2072 280 2106 62.
320 2067 438 2116 Igitur
477 2067 675 2106 Romanus
712 2069 777 2117 qui
814 2067 942 2105 aderat
978 2066 1164 2104 exercitus
1202 2071 1350 2103 sextum
1390 2070 1478 2114 post

159 2133 276 2170 cladis
309 2145 453 2170 annum
486 2133 597 2170 trium
636 2133 832 2182 legionum
863 2145 960 2177 ossa,
992 2130 1096 2169 nullo
1124 2137 1305 2169 noscente
1337 2129 1478 2166 alienas

160 2198 335 2247 reliquias
364 2210 413 2234 an
442 2209 596 2236 suorum
620 2198 738 2235 humo
763 2204 918 2246 tegeret,
948 2208 1083 2235 omnes
1111 2201 1151 2232 ut
1179 2195 1416 2238 coniunctos,
1438 2200 1478 2230 ut

160 2263 477 2313 consanguineos,
499 2269 609 2301 aucta
637 2263 676 2299 in
707 2262 856 2301 hostem
885 2263 950 2309 ira,
977 2261 1111 2299 maesti
1141 2259 1251 2298 simul
1278 2265 1316 2297 et
1342 2257 1478 2297 infensi
