1612 2493
108 78 273 134 A.n.14.]
502 85 655 118 LIBER
682 84 713 118 J.
755 84 855 117 CAP.
886 87 1027 127 33-37·
1380 79 1428 127 63

71 190 212 227 abant.
227 183 248 225 ί]
268 187 372 226 fuere
405 187 521 226 etiam
554 187 618 238 qui
651 186 816 237 legatam
849 199 872 224 a
902 185 988 224 divo
1020 185 1194 235 Augusto
1229 183 1430 233 pecuniam

111 258 365 302 reposcerent,
398 251 528 290 faustis
565 252 604 289 in
636 251 909 289 Germanicum
941 250 1155 295 ominibus;
1190 255 1226 286 et
1259 248 1290 286 si
1323 248 1432 285 vellet

69 323 93 352 4
111 317 322 366 imperium,
351 324 548 366 promptas
577 328 636 354 res
667 322 916 353 ostentavere.
971 322 1050 352 tum
1079 325 1179 358 vero,
1209 312 1317 362 quasi
1349 324 1432 349 sce-

69 391 92 420 5
111 381 186 419 lere
206 381 534 426 contaminaretur,
558 392 742 431 praeceps
762 379 937 417 tribunali
958 378 1114 416 desiluit.
1171 383 1433 426 opposuerunt

110 446 265 483 abeunti
287 457 403 491 arma,
429 445 661 492 minitantes,
687 444 727 482 ni
751 443 1032 493 regrederetur;
1061 449 1099 480 at
1124 441 1184 479 ille
1211 441 1432 479 moriturum
1448 455 1466 487 5

111 510 235 560 potius
261 522 375 560 quam
399 510 514 548 fidem
540 516 691 548 exueret
714 508 921 555 clamitans,
943 508 1080 545 sermm
1104 519 1127 544 a
1149 506 1262 544 latere
1284 506 1434 554 diripuit

111 574 326 624 elatumque
355 574 547 612 deferebat
576 574 614 611 in
643 580 787 623 pectus,
809 574 847 610 ni
877 572 1038 622 proximi
1062 583 1239 621 prensam
1264 570 1433 608 dextram

71 646 94 676 6
113 639 147 676 vi
175 639 434 677 adtinuissent.
490 645 660 676 extrema
694 645 731 676 et
762 637 993 687 conglobata
1026 638 1122 674 inter
1152 648 1192 673 se
1222 647 1310 685 pars
1341 647 1433 672 con-

113 704 225 741 tionis
257 716 315 749 ac,
354 704 414 741 vix
453 703 629 741 credibile
667 702 781 749 dictu,
819 702 973 752 quidam
1011 701 1147 750 singuli
1183 700 1341 750 propius
1378 699 1435 736 in-

114 768 303 815 cedentes,
342 768 464 806 feriret
501 768 748 805 hortabantur
760 778 771 813 3
818 773 856 804 et
891 766 1000 804 miles
1032 766 1189 803 nomine
1222 764 1433 803 Calusidius
1451 779 1489 801 10

73 839 94 869 7
114 833 286 869 strictum
314 833 448 870 obtulit
476 832 654 882 gladium,
676 832 806 869 addito
837 831 1044 869 acutiorem
1071 842 1164 867 esse.
1221 842 1375 867 saevum
1396 830 1436 867 id
1470 878 1471 881 Ἰ

114 897 277 946 malique
305 898 422 935 moris
450 898 565 935 etiarn
595 897 805 934 furentibus
834 897 968 941 visum,
998 908 1043 933 ac
1071 895 1236 944 spatium
1265 893 1331 931 fuit
1359 906 1435 944 quo

116 959 258 998 Caesar
284 963 333 998 ab
361 962 492 999 amicis
521 961 560 998 in
588 961 876 998 tabernaculum
904 966 1105 1009 raperetur.

169 1030 235 1064 36.
267 1025 533 1063 Consultatum
562 1026 613 1063 ibi
643 1025 690 1064 de
720 1025 914 1072 remedio;
944 1024 1084 1062 etenim
1112 1023 1353 1061 nuntiabatur
1372 1035 1438 1073 pa-

114 1090 185 1128 rari
218 1090 365 1139 legatos
397 1091 461 1140 qui
497 1090 731 1139 superiorem
762 1090 969 1127 exercitum
1003 1088 1052 1126 ad
1089 1100 1243 1126 causam
1275 1088 1489 1134 eandem15

114 1154 324 1192 traherent:
354 1154 584 1192 destinatum
605 1155 753 1192 excidio
773 1153 961 1192 Ubiorum
981 1153 1179 1203 oppidum,
1200 1153 1438 1201 imbutasque

75 1228 97 1257 2
116 1218 257 1268 praeda
280 1231 415 1256 manus
441 1219 480 1256 in
504 1218 761 1268 direptionem
781 1217 990 1256 Galliarum
1014 1223 1220 1266 erupturas.
1277 1218 1440 1266 augebat

117 1292 260 1322 metum
292 1296 434 1332 gnarus
469 1283 670 1321 Romanae
703 1283 901 1321 seditionis
935 1290 983 1328 et,
1016 1283 1048 1319 si
1080 1282 1312 1319 omitteretur
1344 1282 1439 1331 ripa,

116 1349 311 1386 invasurus
338 1348 478 1386 hostis:
509 1354 547 1386 at
574 1349 604 1386 si
631 1348 769 1386 auxilia
794 1354 831 1385 et
857 1348 950 1385 socii
973 1347 1173 1384 adversum
1199 1347 1438 1384 abscedentis

76 1423 97 1453 3
117 1413 285 1461 legiones
312 1419 556 1457 armarentur,
583 1412 688 1450 civile
717 1412 858 1466 bellum
888 1411 1037 1460 suscipi.
1092 1411 1307 1460 periculosa
1335 1423 1439 1448 seve-
1453 1427 1492 1448 20

117 1478 217 1523 ritas,
254 1477 441 1526 flagitiosa
477 1477 645 1526 largitio:
686 1489 753 1515 seu
790 1476 882 1514 nihil
922 1476 1030 1513 militi
1067 1476 1144 1513 sive
1180 1476 1310 1513 omnia
1347 1488 1441 1513 con-

76 1551 101 1580 4
119 1541 349 1588 cederentur,
378 1542 417 1579 in
445 1543 600 1592 ancipiti
628 1554 688 1580 res
716 1542 877 1592 publica.
934 1541 1045 1589 igitur
1073 1540 1247 1578 volutatis
1276 1541 1372 1578 inter
1401 1553 1441 1578 se

117 1606 324 1644 rationibus
366 1606 548 1656 placitum
584 1614 625 1644 ut
663 1606 846 1656 epistulae
889 1606 1047 1643 nomine
1083 1605 1263 1655 principis
1301 1605 1443 1643 scribe-

118 1678 266 1708 rentur:
298 1671 519 1709 missionem
550 1671 629 1709 dari
655 1672 787 1709 vicena
812 1670 999 1720 stipendia
1026 1670 1179 1714 meritis,
1205 1671 1442 1707 exauctorari

118 1736 182 1786 qui
215 1747 308 1773 sena
346 1736 445 1773 dena
477 1735 657 1774 fecissent
694 1747 738 1773 ac
777 1735 925 1773 retineri
959 1735 1029 1772 sub
1062 1734 1198 1771 vexillo
1232 1742 1442 1772 ceterorum
1457 1751 1494 1783 25

118 1800 294 1838 inmunes
323 1801 394 1838 nisi
424 1801 670 1850 propulsandi
699 1800 832 1846 hostis,
861 1800 987 1849 legata
1015 1811 1112 1849 quae
1140 1799 1349 1849 petiverant
1377 1812 1443 1837 ex-

119 1865 211 1903 solvi
241 1865 511 1914 duplicarique.

173 1932 237 1968 3¹7.
267 1928 392 1966 Sensit
420 1929 528 1967 miles
565 1929 604 1967 in
635 1936 788 1980 tempus
822 1930 988 1967 conficta
1022 1928 1223 1978 statimque
1253 1928 1443 1978 flagitavit.

120 1993 248 2030 missio
270 2005 337 2042 per
360 1993 533 2031 tribunos
559 2002 777 2041 maturatur,
800 1994 947 2043 largitio
968 1993 1209 2030 differebatur
1229 1993 1267 2030 in
1287 1993 1444 2030 hiberna

80 2071 102 2102 2
121 2057 313 2105 cuiusque.
370 2069 448 2094 non
476 2059 694 2095 abscessere
724 2059 894 2107 quintani
923 2048 1348 2107 unetvicensimanique,
1373 2057 1440 2095 do·
1455 2072 1496 2104 30

120 2133 192 2159 nec
220 2121 342 2158 isdem
365 2122 404 2158 in
432 2122 579 2160 aestivis
607 2129 801 2160 contracta
829 2135 875 2160 ex
905 2123 1040 2159 viatico
1066 2122 1277 2159 amicorum
1306 2122 1442 2171 ipsius-

79 2198 102 2227 3
120 2197 193 2235 que
218 2185 394 2223 Caesaris
415 2186 578 2235 pecunia
600 2187 887 2236 persolv—eretur.
943 2187 1106 2235 primam
1133 2198 1177 2223 ac
1197 2187 1442 2224 vicensimam

121 2250 290 2299 legiones
316 2249 480 2288 Caecina
505 2250 650 2300 legatus
679 2251 718 2288 in
745 2252 933 2289 civitatem
954 2250 1140 2289 Ubiorum
1166 2251 1324 2298 reduxit,
1345 2251 1443 2302 turpi
