1612 2493
163 107 214 142 60
440 111 680 142 CORNELII
707 112 766 143 TA
775 112 880 143 επ]
901 112 1180 144 ANNALJUM
1256 104 1392 158 [A.u.c.
1414 113 1487 154 767·

220 216 288 250 30.
317 211 421 250 Tum
459 220 501 251 ut
542 215 699 264 quisque
736 216 961 265 praecipuus
999 217 1168 253 turbator
1205 216 1416 265 conquisiti,
1450 222 1487 253 et

166 287 265 324 pars,
289 285 395 315 extra
420 284 542 316 castra
564 279 746 328 palantes,
771 293 793 317 a
819 281 1100 318 centurionibus
1126 286 1189 318 aut
1214 281 1486 329 praetoriarum

167 340 378 379 cohortium
403 343 581 380 militibus
607 332 732 386 caEsi;
763 346 952 393 quosdam
976 345 1046 394 ipsi
1072 345 1254 394 manipuli
1278 345 1486 383 documen-

168 411 245 441 tum
265 405 351 443 fidei
371 407 567 445 tradidere.
625 416 781 446 auxerat
801 410 961 446 militum
982 421 1090 447 curas
1109 416 1346 458 praematura
1366 409 1486 446 hiems
1503 416 1525 444 2

129 484 146 514 5
165 469 345 508 imbribus
379 472 566 509 continuis
604 473 777 522 adeoque
811 475 941 519 saevis,
971 481 1011 511 ut
1043 486 1122 510 non
1154 474 1282 523 egredi
1314 475 1486 519 tentoria,

165 535 389 583 congregari
421 536 517 573 inter
550 548 600 582 se,
631 538 692 574 vix
726 538 834 575 tutari
865 539 974 587 signa
1009 544 1178 587 possent,
1207 549 1304 586 quae
1340 538 1486 575 turbine

164 603 276 646 atque
308 599 410 636 unda
436 601 691 650 raptabantur.
748 603 905 640 durabat
935 608 970 639 et
1003 602 1165 639 formido
1199 601 1369 639 caelestis
1397 601 1485 647 irae,
1503 607 1525 637 3

163 673 234 699 nec
262 662 396 701 frustra
423 664 602 703 adversus
632 666 769 715 impios
800 667 1002 704 hebescere
1036 667 1170 710 sidera,
1202 677 1308 703 ruere
1341 673 1486 714 tempe-

164 733 300 764 states:
330 740 409 765 non
437 729 538 767 aliud
567 731 754 768 malorum
784 732 1038 768 levamentum
1067 743 1183 779 quam
1213 731 1243 768 si
1271 730 1486 779 linquerent

113 805 151 826 10
164 798 284 828 castra
321 792 482 831 infausta
514 801 770 845 temerataque
808 804 844 833 et
877 796 987 833 soluti
1027 796 1176 845 piaculo
1215 796 1290 832 suis
1328 795 1485 844 quisque

162 855 328 894 hibernis
360 858 613 897 redderentur.
669 861 834 909 primum
865 867 1010 905 octava,
1040 860 1128 896 dein
1163 860 1294 908 quinta
1325 859 1526 896 decuma4

160 919 260 968 legio
289 921 456 960 rediere:
493 936 669 961 nonanus
697 925 949 973 opperiendas
976 924 1118 961 Tiberii
1147 924 1325 973 epistulas
1355 924 1484 961 clami·

161 992 312 1031 taverat,
342 999 433 1025 mox
463 987 652 1026 desolatus
686 989 844 1025 aliorum
879 989 1109 1026 discessione
1143 988 1391 1026 inminentem
1420 1000 1485 1026 ne-

162 1051 377 1088 cessitatem
396 1060 532 1101 sponte
554 1054 755 1101 praevenit.
811 1060 849 1090 et
869 1053 1014 1090 Drusus
1041 1065 1120 1090 non
1145 1060 1365 1102 exspectato
1385 1053 1483 1102 lega·
1501 1062 1524 1092 5

111 1130 147 1160 15
162 1122 287 1152 torum
314 1128 496 1165 regressu,
523 1118 610 1168 quia
637 1119 850 1168 praesentia
878 1119 966 1156 satis
995 1118 1256 1163 consederant,
1285 1118 1324 1155 in
1353 1119 1485 1155 urbem

161 1180 280 1219 rediit.

215 1249 273 1283 31.
304 1245 432 1283 Isdem
460 1246 576 1284 ferme
612 1247 743 1284 diebus
774 1247 895 1285 isdem
931 1247 1054 1284 causis
1085 1246 1338 1284 Germanicae
1367 1246 1485 1295 legio-

161 1321 229 1346 nes
258 1311 437 1357 turbatae,
467 1320 611 1361 quanto
640 1313 778 1361 plures,
810 1320 913 1350 tanto
943 1312 1154 1356 violentius,
1184 1319 1220 1348 et
1250 1323 1391 1360 magna
1417 1323 1484 1360 spe

160 1373 239 1412 fore
264 1383 304 1412 ut
333 1375 583 1415 Germanicus
615 1377 756 1415 Caesar
791 1377 987 1426 imperium
1019 1376 1168 1413 alterius
1203 1376 1280 1425 pati
1314 1376 1485 1425 nequiret

109 1455 148 1476 20
162 1439 337 1489 daretque
371 1454 411 1478 se
445 1442 657 1490 legionibus
697 1444 732 1480 vi
765 1455 833 1480 sua
866 1449 1003 1480 cuncta
1036 1441 1216 1479 tracturiS.
1273 1441 1349 1478 duo
1383 1441 1524 1490 apud2

160 1505 281 1554 ripam
312 1505 437 1543 Rheni
469 1508 655 1544 exercitus
689 1514 820 1545 erant:
851 1508 911 1544 cui
942 1519 1086 1544 nomen
1115 1506 1309 1555 superiori,
1338 1506 1409 1543 sub
1439 1505 1483 1543 C.

162 1569 252 1606 Silio
279 1570 416 1619 legato,
444 1571 660 1609 inferiorem
689 1573 736 1609 A.
767 1572 932 1610 Caecina
961 1573 1128 1609 curabat.
1185 1571 1353 1620 regimen
1383 1582 1484 1607 sum-

159 1646 244 1672 mae
278 1635 330 1672 rei
360 1648 478 1685 penes
508 1636 791 1682 Germanicum,
821 1636 971 1685 agendo
1005 1635 1211 1673 Galliarum
1242 1635 1371 1672 censui
1404 1642 1484 1671 tum

158 1700 354 1737 intentum.
413 1701 480 1738 sed
512 1702 649 1750 quibus
685 1702 794 1738 Silius
829 1701 1106 1745 moderabatur,
1144 1706 1272 1736 mente
1304 1699 1524 1748 ambigua3

106 1781 145 1810 25
159 1764 347 1802 fortunam
368 1766 562 1803 seditionis
582 1766 726 1804 alienae
750 1766 1060 1815 speculabantur:
1093 1764 1275 1802 inferioris
1298 1764 1483 1801 exercitus

158 1830 265 1867 miles
284 1831 322 1867 in
343 1832 486 1868 rabiem
507 1831 706 1881 prolapsus
726 1839 792 1876 est,
814 1838 897 1868 orto
921 1832 968 1868 ab
996 1829 1353 1867 unetvicensimanis
1373 1829 1482 1878 quin-

159 1896 331 1944 tanisque
360 1896 476 1941 initio,
506 1903 543 1934 et
575 1898 701 1934 tractis
729 1897 850 1945 prima
878 1907 1030 1944 quoque
1059 1906 1104 1931 ac
1132 1894 1337 1930 vicensima
1365 1893 1481 1941 legio-

158 1960 292 1997 nibus:
328 1971 418 1996 nam
450 1960 571 1997 isdem
605 1961 752 1997 aestivis
785 1961 824 1996 in
856 1960 990 1996 finibus
1026 1957 1213 1995 Ubiorum
1247 1957 1483 1994 habebantur

158 2037 225 2074 per
254 2024 372 2061 otium
401 2032 465 2062 aut
493 2025 586 2062 levia
614 2026 754 2062 munia.
809 2025 920 2074 igitur
950 2023 1078 2061 audito
1107 2023 1181 2059 fine
1210 2021 1372 2071 Augusti
1402 2034 1481 2060 ver·
1499 2030 1524 2060 4

105 2103 146 2135 30
159 2089 294 2126 nacula
322 2089 520 2127 multitudo
547 2102 666 2138 nuper
691 2097 776 2126 acto
805 2090 843 2126 in
866 2089 957 2125 urbe
981 2087 1130 2132 dilectu,
1154 2086 1330 2124 lasciviae
1361 2094 1478 2133 sueta,

157 2152 329 2189 laborum
358 2153 574 2199 intolerans,
595 2153 748 2202 implere
769 2161 980 2191 ceterorum
999 2151 1111 2189 rudes
1131 2151 1305 2188 animos:
1333 2150 1481 2187 venisse

158 2224 307 2266 tempus
340 2229 417 2266 quo
450 2219 614 2255 veterani
646 2226 832 2255 maturam
865 2218 1096 2261 missionem,
1130 2216 1284 2253 iuvenes
1318 2215 1479 2262 largiora

157 2281 353 2332 stipendia,
385 2283 509 2321 cuncti
538 2283 695 2320 modum
727 2283 960 2319 miseriarum
991 2286 1240 2331 exposcerent
1270 2279 1479 2317 saevitiam-
