1612 2493
112 92 274 148 a.n.14.]
513 98 665 131 LIBER
692 99 723 131 J.
764 97 862 130 CAP.
890 90 1030 128 21-26.
1388 98 1435 136 57

111 212 180 252 tur,
199 205 237 243 ni
265 203 373 242 miles
398 214 573 242 nonanus
600 213 733 253 preces
762 207 799 239 et
822 200 1018 249 adversum
1045 196 1280 247 aspernantis
1308 195 1431 232 minas

111 271 371 309 interiecisset.

164 339 232 372 24.
263 333 372 371 Haec
392 332 518 370 audita
537 342 770 382 quamquam
794 331 1008 368 abstrusum
1031 334 1068 366 et
1088 325 1295 365 tristissima
1314 336 1430 374 quae-

112 411 185 448 que
222 398 387 435 maxime
425 397 679 435 occultantem
717 394 914 431 Tiberium
951 393 1147 442 perpulere
1184 398 1224 428 ut
1261 390 1429 427 Drusum

112 463 229 500 filium
255 474 343 499 cum
365 462 593 511 primoribus
622 459 776 496 civitatis
803 459 1027 507 duabusque
1049 457 1243 507 praetoriis
1268 454 1432 492 cohorti·
1448 467 1466 500 5

110 528 181 565 bus
204 527 377 572 mitteret,
400 525 510 562 nullis
539 524 627 562 satis
654 523 762 560 certis
790 522 988 568 mandatis,
1014 535 1060 559 ex
1090 534 1129 558 re
1157 520 1428 559 consulturum.

110 600 146 630 et
179 591 357 629 cohortes
390 590 535 627 delecto
568 588 682 625 milite
717 600 831 637 supra
860 586 1010 624 solitum
1045 587 1227 623 firmatae.
1284 584 1432 622 additur

110 667 251 704 magna
279 667 367 704 pars
395 652 623 704 praetoriani
652 652 786 700 equitis
815 657 852 688 et
880 652 1018 688 robora
1048 651 1339 693 Germanorum,
1367 648 1431 697 qui

110 727 189 757 turn
219 719 394 758 custodes
424 717 637 767 imperatori
669 716 824 753 aderant
835 727 845 762 ς
876 716 987 753 simul
1017 714 1192 764 praetorii
1218 713 1431 763 praefectus

111 786 239 822 Aelius
261 784 427 828 Seianus,
447 782 593 830 collega
615 780 791 819 Straboni
811 780 907 829 patri
927 791 997 817 suo
1022 780 1139 824 datus,
1162 790 1302 828 magna
1328 777 1430 826 apud
1446 792 1485 814 10

111 849 307 886 Tiberium
345 847 572 890 auctoritate,
612 853 734 882 rector
773 844 896 882 iuveni
938 851 975 882 et
1008 844 1139 882 ceteris
1178 842 1432 893 periculorum

68 914 437 964 4praemiorumque
474 916 691 949 ostentator.
747 908 876 947 Druso
910 909 1182 958 propinquanti
1221 907 1328 958 quasi
1366 919 1432 956 per

110 978 275 1015 officium
305 977 437 1014 obviae
466 975 567 1012 fuere
597 975 781 1023 legiones,
808 986 887 1012 non
912 974 1042 1018 laetae,
1062 980 1103 1010 ut
1127 973 1284 1017 adsolet,
1306 984 1430 1021 neque

109 1042 319 1091 insignibus
347 1040 545 1089 fulgentes,
566 1039 633 1077 sed
652 1039 789 1076 inluvie
818 1038 977 1076 deformi
1003 1045 1040 1076 et
1060 1038 1174 1084 vultu,
1195 1047 1431 1086 quamquam

109 1106 332 1144 maestitiam
361 1105 606 1150 imitarentur,
628 1104 891 1142 contumaciae
918 1104 1126 1152 propiores.
1447 1116 1482 1146 15

162 1175 229 1209 25.
258 1169 464 1218 Postquam
500 1168 638 1205 vallum
671 1168 822 1212 introiit,
852 1174 982 1216 portas
1011 1166 1232 1204 stationibus
1270 1165 1430 1210 firmant,

107 1235 241 1283 globos
278 1242 509 1271 armatorum
547 1233 655 1270 certis
693 1239 903 1270 castrorum
941 1232 1035 1269 locis
1073 1231 1237 1280 opperiri
1279 1231 1429 1268 iubent:

67 1307 89 1336 2
108 1298 219 1336 ceteri
238 1298 400 1336 tribunal
420 1297 563 1346 ingenti
587 1297 740 1346 agmine
768 1296 1079 1334 circumveniunt.
1136 1296 1259 1333 stabat
1283 1295 1430 1332 Drusus

107 1363 295 1401 silentium
327 1374 444 1399 manu
472 1373 644 1412 poscens.
703 1361 753 1398 illi
783 1361 959 1410 quotiens
987 1360 1120 1398 oculos
1149 1360 1197 1398 ad
1225 1359 1430 1397 multitudi-

107 1439 196 1464 nem
233 1426 459 1468 rettulerant,
499 1427 654 1464 vocibus
691 1425 911 1463 truculentis
949 1432 1125 1475 strepere,
1164 1437 1313 1462 rursum
1349 1425 1427 1462 viso
1443 1440 1482 1461 20

108 1491 269 1529 Caesare
302 1491 511 1540 trepidare;
540 1503 711 1528 murmur
741 1491 939 1536 incertum,
971 1497 1081 1527 atrox
1116 1490 1262 1528 clamor
1302 1495 1339 1527 et
1371 1501 1428 1526 re-

106 1563 218 1606 pente
255 1557 385 1605 quies3
428 1556 581 1593 diversis
624 1556 840 1593 animorum
880 1555 1048 1592 motibus
1087 1556 1277 1605 pavebant
1318 1562 1428 1592 terre-

67 1627 89 1656 3
108 1623 284 1671 bantque.
343 1621 498 1658 tandem
531 1621 740 1670 interrupto
775 1620 937 1658 tumultu
970 1619 1107 1656 litteras
1140 1618 1254 1667 patris
1287 1619 1430 1665 recitat,

106 1686 144 1723 in
172 1687 253 1735 quis
281 1686 531 1735 perscriptum
561 1692 651 1731 erat,
680 1686 924 1735 praecipuam
953 1685 1025 1734 ipsi
1058 1685 1344 1723 fortissimarum
1377 1685 1430 1722 le-

105 1751 263 1800 gionum
301 1764 443 1797 curam,
477 1752 704 1800 quibuscum
742 1751 904 1800 plurima
941 1751 1038 1789 bella
1075 1751 1327 1796 toleravisset;
1365 1751 1429 1788 ubi
1445 1766 1481 1797 25

107 1817 269 1865 primurn
297 1828 320 1853 a
348 1816 450 1853 luctu
476 1816 680 1865 requiesset
708 1816 868 1862 animus,
897 1823 1069 1853 acturum
1100 1816 1202 1865 apud
1231 1822 1354 1865 patres
1383 1815 1430 1853 de

107 1881 301 1930 postulatis
329 1893 459 1919 eorum
474 1893 484 1927 ς
513 1881 660 1918 misisse
683 1881 831 1918 interim
860 1880 990 1927 filium,
1010 1888 1050 1919 ut
1079 1881 1158 1918 sine
1188 1881 1429 1918 cunctatione

107 1945 332 1983 concederet
364 1957 461 1994 quae
495 1945 618 1982 statim
651 1946 761 1982 tribui
798 1953 981 1994 possent3
1015 1951 1138 1982 cetera
1171 1945 1317 1982 senatui
1352 1957 1429 1982 ser-

107 2009 240 2055 vanda,
261 2021 374 2058 quem
392 2021 516 2060 neque
539 2009 680 2058 gratiae
704 2022 828 2059 neque
853 2011 1056 2048 severitatis
1077 2017 1270 2059 expertem
1297 2009 1427 2047 haberi

107 2085 174 2123 par
197 2080 308 2112 esset.
1444 2088 1484 2119 30

161 2143 226 2177 26.
260 2137 504 2188 Responsum
537 2146 594 2178 est
625 2152 648 2178 a
680 2140 871 2187 contione,
905 2140 1087 2178 mandata
1121 2140 1306 2178 Clementi
1340 2151 1430 2176 cen-

66 2202 241 2240 2turioni
274 2215 370 2251 quae
403 2203 592 2252 perferret.
648 2204 679 2241 is
713 2205 856 2242 orditur
894 2204 941 2242 de
979 2205 1158 2241 missione
1197 2216 1219 2240 a
1260 2203 1428 2240 sedecim

108 2266 228 2313 annis,
273 2267 321 2304 de
361 2267 537 2317 praemiis
578 2268 704 2306 finitae
746 2269 912 2316 militiae,
954 2276 995 2307 ut
1040 2268 1216 2307 denarius
1256 2268 1431 2305 diurnum

69 577 91 606 2

69 621 91 650 3
