1612 2493
113 118 191 144 Μ).
214 101 289 155 ι4,]
512 108 662 139 LIBER
692 107 721 139 J.
762 107 863 140 CAP.
890 103 1030 150 26-29.
1387 110 1435 145 59

69 221 92 250 4
113 220 248 252 tantur.
304 212 488 249 utendum
515 211 756 249 inclinatione
786 223 830 248 ea
857 210 997 248 Caesar
1020 219 1057 248 et
1076 222 1172 259 quae
1196 221 1306 247 casus
1326 210 1433 247 obtu-

110 279 202 317 lerat
229 277 268 314 in
297 277 521 326 sapientiam
555 275 734 313 vertenda
768 281 868 312 ratus
900 275 1087 312 circumiri
1120 274 1279 312 tentoria
1308 274 1433 319 iubet;

68 355 90 385 5
112 344 254 381 accitur
292 342 459 379 centurio
494 341 673 379 Clemens
711 346 747 377 et
784 339 815 376 si
853 339 914 377 alii
946 339 1058 377 bonis
1092 339 1232 376 artibus
1265 338 1358 388 grati
1395 339 1433 374 in

112 409 257 457 vulgus.
313 407 350 443 hi
380 406 524 455 vigiliis,
560 405 793 450 stationibuS,
826 404 1007 442 custodiis
1041 410 1234 454 portarum
1265 415 1304 440 se
1338 403 1435 439 inse-

68 479 209 519 6runt‚
247 483 356 520 spem
396 471 570 515 offerunt,
607 477 749 507 metum
792 469 1002 507 intendunt.
1060 471 1279 517 ‘quousque
1319 467 1467 512 filium5

110 537 347 586 imperatoris
385 535 669 573 obsidebimus?
708 534 792 583 quis
829 534 1080 571 certaminum
1121 532 1233 570 finis?
1273 531 1435 569 Percen-

107 602 221 640 nione
255 608 292 639 et
314 600 506 637 Vibuleno
541 604 821 637 sacramentum
853 597 986 635 dicturi
1021 598 1179 636 sumus?
1208 596 1435 634 Percennius

109 673 146 704 et
175 666 386 704 Vibulenus
421 664 606 714 stipendia
640 662 831 709 militibus,
864 675 978 712 agros
1012 662 1176 700 emeritis
1208 661 1436 710 largientur?

109 731 272 780 denique
300 742 371 779 pro
400 729 617 766 Neronibus
647 734 684 765 et
711 727 846 765 Drusis
880 728 1078 777 imperium
1107 727 1238 776 populi
1269 726 1435 762 Romani

70 805 92 838 7
111 796 335 845 capessent?
391 794 481 842 quin
515 793 652 842 potius,
680 798 722 829 ut
755 792 948 830 novissimi
981 792 1020 828 in
1053 791 1217 840 culpam,
1246 790 1297 827 ita
1326 789 1435 839 primi

111 861 160 898 ad
180 859 448 910 paenitentiam
478 857 635 894 sumus?
690 856 798 893 tarda
826 862 913 893 sunt
941 868 1038 905 quae
1068 855 1106 892 in
1137 867 1342 893 commune
1372 867 1436 891 ex-

111 925 372 975 postulantur:
411 922 593 972 privatam
631 921 792 969 gratiam
831 920 957 957 statim
998 932 1177 964 mereare,
1217 920 1341 956 statim
1380 932 1438 956 re-

71 996 94 1024 8
113 989 253 1039 cipias.'
310 987 513 1026 commotis
542 998 609 1035 per
638 985 730 1023 haec
760 985 950 1023 mentibus
979 991 1016 1022 et
1044 985 1140 1021 inter
1171 996 1210 1022 se
1240 984 1437 1034 suspectis,

71 1054 274 1090 9tironem
311 1065 334 1090 a
370 1060 561 1097 veterano,
598 1051 790 1100 legionem
827 1062 850 1088 a
886 1049 1035 1099 legione
1074 1049 1289 1088 dissociant.
1357 1055 1438 1086 tum

112 1115 231 1153 redire
259 1115 439 1164 paulatim
463 1128 570 1153 amor
593 1115 790 1164 obsequii:
820 1115 999 1152 omittunt
1020 1122 1158 1164 portas,
1184 1114 1294 1163 signa
1315 1126 1435 1151 unum
1473 1131 1487 1160 5

112 1180 152 1217 in
182 1180 307 1217 locum
340 1181 526 1230 principio
560 1180 752 1218 seditionis
784 1187 1016 1229 congregata
1049 1191 1136 1217 suas
1169 1179 1208 1216 in
1241 1178 1351 1216 sedes
1382 1191 1440 1216 re-

113 1243 247 1282 ferunt.

166 1314 235 1347 29.
264 1308 411 1347 Drusus
440 1317 523 1349 orto
552 1310 612 1348 die
641 1317 677 1348 et
705 1319 840 1348 vocata
864 1310 1054 1356 contione,
1075 1321 1308 1359 quamquam
1337 1308 1438 1346 rudis

113 1373 274 1417 dicendi,
304 1374 496 1412 nobilitate
521 1374 690 1423 ingenita
718 1374 864 1411 incusat
888 1374 1027 1423 priora,
1047 1373 1182 1423 probat
1208 1374 1439 1422 praesentia;

114 1445 228 1487 negat
255 1450 295 1475 se
325 1445 463 1476 terrore
494 1445 531 1476 et
561 1439 675 1476 minis
702 1439 822 1476 vinci:
852 1438 974 1476 flexos
1002 1437 1051 1475 ad
1080 1437 1304 1476 modestiam
1329 1438 1359 1474 si
1387 1438 1467 1475 vi-2

115 1503 210 1548 deat‚
228 1503 259 1540 si
280 1503 469 1552 supplices
489 1503 627 1549 audiat,
644 1504 870 1553 scripturum
891 1504 986 1552 patri
1002 1509 1042 1539 ut
1057 1501 1227 1551 placatus
1247 1501 1438 1551 legionum

75 1577 98 1607 2
116 1579 244 1617 preces
263 1567 463 1617 exciperet.
521 1569 714 1606 orantibus
734 1579 882 1605 rursum
902 1567 1002 1604 idem
1022 1566 1179 1604 Blaesus
1207 1573 1244 1603 et
1271 1565 1315 1604 L.
1336 1566 1440 1614 Apo-

116 1633 210 1677 nius,
240 1643 358 1681 eques
388 1632 589 1670 Romanus
619 1645 640 1670 e
669 1632 828 1671 cohorte
858 1632 984 1678 Drusi,
1016 1632 1216 1681 Iustusque
1246 1630 1441 1677 Catonius,

76 1707 98 1737 3
117 1696 226 1746 primi
263 1697 405 1735 ordinis
443 1698 623 1741 centurio,
664 1698 712 1740 ad
751 1697 950 1735 Tiberium
992 1698 1200 1734 mittuntur.
1260 1703 1443 1734 certatum

115 1762 202 1800 inde
231 1763 438 1808 sententiis,
467 1775 555 1800 cum
590 1763 650 1799 alii
684 1761 940 1812 opperiendos
971 1761 1118 1811 legatos
1150 1768 1261 1811 atque
1294 1761 1441 1799 interim

117 1827 295 1865 comitate
332 1817 648 1876 permulcendum
685 1827 841 1864 militem
882 1833 1092 1872 censerent,
1131 1826 1191 1863 alii
1230 1826 1445 1865 fortioribus

118 1892 293 1929 remediis
321 1892 538 1941 agendum:
571 1892 661 1929 nihil
688 1893 727 1929 in
752 1891 865 1940 vulgo
895 1891 1112 1938 modicum;
1142 1899 1288 1938 terrere,
1313 1893 1352 1929 ni
1378 1905 1445 1942 pa-

119 1963 252 2003 veant;
285 1957 350 1994 ubi
380 1958 649 2006 pertimuerint,
679 1957 822 2007 inpune
858 1957 1074 1995 contemni:
1108 1956 1200 1993 dum
1233 1959 1445 2006 superstitio

119 2027 260 2070 urgeat,
283 2020 503 2059 adiciendos
532 2034 580 2059 ex
609 2021 706 2060 duce
730 2028 852 2059 metus
883 2021 1038 2058 sublatis
1067 2021 1262 2059 seditionis
1285 2023 1446 2061 auctori-

80 2094 104 2123 4
121 2087 202 2123 bus.
259 2093 479 2135 promptum
500 2086 548 2124 ad
571 2086 762 2136 asperiora
785 2087 983 2134 ingenium
1006 2086 1134 2124 Druso
1158 2093 1259 2124 erat:
1290 2094 1446 2125 vocatos

125 2149 351 2188 Vibulenum
385 2157 421 2188 et
453 2151 705 2189 Percennium
737 2151 894 2188 interfici
927 2151 1039 2188 iubet.
1095 2151 1246 2188 tradunt
1279 2151 1447 2201 plerique

120 2216 217 2254 intra
244 2215 527 2254 tabernaculum
560 2217 667 2255 ducis
695 2217 863 2263 obrutos,
894 2215 954 2253 alii
982 2227 1146 2267 corpora
1175 2224 1279 2254 extra
1308 2217 1447 2254 vallum

122 2280 270 2319 abiecta
298 2280 472 2320 ostentui.

1455 805 1490 825 10

1460 2104 1475 2132 3
1480 2102 1500 2123 0
