1612 2493
162 72 210 108 66
433 73 672 108 CORNELII
699 72 872 105 TACITI
893 71 1170 104 ANNALIUM
1245 63 1383 119 [AM-C.
1405 70 1479 114 767.

164 178 295 217 bernio
323 179 518 228 legionum
551 178 719 224 eductus,
743 189 855 227 quem
880 175 1029 214 militari
1052 175 1237 214 vocabulo
1267 175 1480 226 Caligulam

165 244 416 294 appellabant,
445 244 534 293 quia
558 243 779 292 plerumque
809 241 857 279 ad
886 240 1126 279 concilianda
1153 240 1253 289 vulgi
1281 240 1404 278 studia
1431 251 1479 278 eo

167 309 332 359 tegmine
365 308 507 358 pedum
538 307 773 345 induebatur.
829 306 897 343 sed
929 305 1021 343 nihil
1063 316 1183 354 aeque
1221 305 1326 342 flexit
1363 308 1523 355 quam4

167 373 305 410 invidia
332 373 371 410 in
395 373 605 411 Treveros:
644 378 754 409 orant
784 371 981 416 obsistunt,
1010 369 1149 407 rediret
1182 376 1364 416 maneret,
1393 380 1481 418 pars

132 439 400 488 5Agrippinae
435 442 693 482 occursantes,
727 436 878 488 plurimi
915 435 963 473 ad
998 433 1271 473 Germanicum
1308 433 1481 483 regressi.

167 503 274 553 isque
307 510 347 541 ut
385 510 464 540 erat
501 513 634 539 recens
673 501 803 540 dolore
837 507 875 538 et
913 500 976 547 ira,
1011 499 1114 550 apud
1152 498 1398 538 circumfusos
1431 499 1522 536 ita5

168 568 308 616 coepit.

221 637 289 670 42.
319 634 329 652 ‘
344 631 436 669 Non
463 631 554 668 mihi
580 643 676 669 uxor
705 637 767 668 aut
795 631 890 668 filius
914 637 1021 679 patre
1051 636 1087 668 et
1111 642 1152 668 re
1179 629 1333 679 publiea
1361 628 1483 667 cario-

167 708 227 734 res
255 702 352 742 sunt,
378 695 445 733 sed
473 695 577 733 illum
604 695 758 745 quidem
793 707 859 733 sua
893 695 1080 740 maiestas,
1111 695 1310 744 imperium
1339 693 1484 731 Roma-

121 777 157 799 10
171 772 262 798 num
289 760 404 798 ceteri
427 759 614 798 exercitus
642 759 855 797 defendent.
914 759 1116 808 coniugem
1140 765 1176 796 et
1202 759 1339 796 liberos
1360 769 1484 802 meos,
1502 760 1524 789 2

169 838 265 876 quos
287 837 358 875 pro
381 824 500 875 gloria
523 831 646 862 vestra
671 824 792 862 libens
816 823 862 860 ad
885 823 1040 861 exitium
1061 822 1249 868 offerrem,
1270 835 1372 861 nune
1397 834 1485 872 pro-

169 890 229 928 cul
259 903 280 927 a
309 889 513 927 furentibus
549 900 782 935 summoveo,
812 895 863 934 ut,
889 888 1070 938 quidquid
1103 888 1203 925 istud
1237 887 1388 925 sceleris
1415 887 1486 924 im-

169 955 297 999 minet,
328 966 414 992 meo
453 960 597 991 tantum
631 954 814 1003 sanguine
851 953 983 1003 pietur,
1013 964 1107 990 neve
1141 952 1291 989 occisus
1323 951 1486 1000 Augusti

169 1031 375 1070 pronepos,
408 1018 603 1056 interfecta
633 1017 775 1055 Tiberii
809 1030 924 1054 nurus
958 1017 1196 1055 nocentiores
1228 1028 1296 1054 vos
1334 1016 1512 1059 faciantg

122 1101 156 1133 ¹5
171 1083 262 1135 quid
301 1085 405 1122 enim
443 1096 511 1134 per
549 1083 620 1120 hos
661 1082 741 1120 dies
784 1083 957 1119 inausum
1000 1083 1310 1119 intemeratumve
1355 1080 1526 1119 vobis?3

171 1148 274 1199 quod
312 1161 456 1186 nomen
493 1148 579 1185 huic
614 1147 739 1185 coetui
777 1147 904 1184 dabo?
959 1147 1145 1184 militesne
1183 1146 1385 1195 appellem,
1422 1145 1526 1195 qui4

172 1215 290 1252 filium
316 1213 550 1262 imperatoris
579 1212 689 1250 vestri
717 1212 814 1250 vallo
846 1217 883 1249 et
916 1211 1030 1248 armis
1063 1210 1382 1248 circumsedistis?
1437 1222 1487 1247 an

173 1279 283 1324 cives,
328 1278 464 1327 quibus
507 1284 584 1315 tam
624 1277 789 1327 proiecta
831 1281 983 1313 senatus
1025 1275 1256 1313 auctoritas?
1321 1274 1486 1312 hostium

173 1355 325 1393 quoque
353 1343 476 1380 ius-et
504 1354 611 1379 sacra
639 1341 838 1391 legationis
866 1348 903 1378 et
931 1340 987 1378 fas
1016 1341 1185 1390 gentium
1214 1338 1374 1389 rupistis.
1431 1338 1525 1375 di-5

123 1425 161 1447 20
174 1421 240 1446 vus
270 1407 387 1445 Iulius
416 1407 638 1445 seditionem
667 1405 853 1444 exercitus
881 1405 995 1442 verbo
1024 1416 1102 1442 uno
1126 1403 1370 1453 compescuit,
1393 1402 1488 1449 Qui-

173 1474 260 1511 rites
302 1472 476 1510 vocando
516 1472 580 1521 qui
622 1476 899 1508 sacramentum
939 1469 1018 1506 eius
1058 1468 1339 1506 detrectabant:
1383 1467 1488 1505 divus

174 1538 370 1587 Augustus
399 1536 500 1573 vultu
529 1542 566 1573 et
595 1542 752 1585 aspectu
784 1535 959 1572 Actiacas
991 1533 1161 1583 legiones
1190 1532 1389 1570 exterruit:
1417 1544 1489 1570 nos

173 1610 214 1641 ut
242 1601 412 1640 nondum
441 1600 608 1646 eosdem,
634 1599 684 1638 ita
712 1611 759 1637 ex
789 1599 858 1636 illis
886 1604 989 1636 ortos
1019 1599 1049 1635 si
1079 1597 1289 1647 Hispaniae
1314 1596 1489 1635 Suriaeve

174 1668 283 1706 miles
315 1672 587 1716 aspernaretur,
626 1671 754 1701 tamen
787 1663 922 1700 mirum
957 1669 993 1700 et
1030 1662 1230 1711 indignum
1267 1668 1357 1699 erat.
1390 1660 1529 1710 '‘pri-6

126 1749 164 1780 ³5
178 1744 290 1770 mane
318 1738 355 1769 et
386 1730 593 1768 vicensima
624 1728 805 1777 legiones,
836 1727 896 1764 illa
925 1727 1040 1776 signis
1071 1738 1094 1763 a
1124 1725 1277 1764 Tiber10
1313 1726 1489 1775 acceptis,

177 1805 217 1835 tu
250 1804 304 1835 tot
335 1794 564 1846 proeliorum
593 1794 707 1839 socia,
737 1799 792 1830 tot
824 1792 1000 1842 praemiis
1031 1798 1151 1846 aucta,
1181 1791 1374 1844 egregiam
1404 1790 1491 1828 duci

176 1869 301 1900 vestro
339 1860 498 1912 gratiam
536 1859 708 1900 refertis?
773 1857 874 1896 hunc
915 1869 988 1906 ego
1031 1856 1203 1893 nuntium
1244 1856 1351 1904 patri,
1394 1854 1528 1893 laeta7

177 1926 305 1964 omnia
341 1925 421 1963 aliis
458 1937 480 1962 e
517 1922 719 1973 provinciis
756 1921 933 1966 audienti,
971 1921 1114 1959 feram?
1187 1920 1303 1970 ipsius
1338 1919 1496 1967 tirones,
1527 1941 1530 1944 ⁴
1578 1925 1591 1949 Τ

176 1992 294 2042 ipsius
324 1997 522 2028 veteranos
552 1999 633 2025 non
670 1986 864 2032 missione,
898 1997 976 2023 non
1014 1985 1176 2034 pecunia
1214 1984 1392 2031 satiatos;
1429 1984 1491 2023 hic

127 2063 326 2106 30tantum
361 2055 518 2093 interfici
556 2053 805 2098 centuriones,
843 2051 911 2089 eici
947 2051 1124 2097 tribunos,
1162 2050 1301 2087 includi
1336 2050 1490 2099 legatos,

180 2122 317 2160 infecta
346 2120 529 2169 sanguine
563 2126 685 2156 castra
715 2117 882 2165 flumina,
911 2128 1049 2166 meque
1080 2116 1288 2165 precariam
1322 2115 1488 2153 animam

180 2188 275 2225 inter
294 2186 463 2223 infensos
492 2184 649 2227 trahere.

233 2255 299 2290 43.
330 2249 428 2289 ‘Cur
448 2249 546 2287 enirn
566 2249 689 2300 primo
711 2247 898 2288 contionis
921 2246 980 2286 die
1002 2245 1140 2286 serrum
1157 2245 1256 2293 illud,
1278 2244 1381 2297 quod
1402 2256 1490 2296 pec-
