1612 2493
125 101 203 128 nn.
229 87 295 142 14.]
555 93 707 125 LIBER
735 94 767 126 J.
808 93 908 125 CAP.
938 89 1027 137 5-8.
1402 102 1449 140 47

180 203 218 238 7.
246 198 298 236 At
327 197 477 237 Romae
510 210 618 236 ruere
646 197 686 235 in
715 198 906 235 servitium
936 196 1125 243 consules,
1154 203 1290 246 patres,
1320 209 1448 248 eques.

86 268 107 297 2
129 270 275 313 quanto
297 263 382 313 quis
402 263 603 310 inlustrior,
624 269 729 301 tanto
755 264 877 311 magis
904 263 985 300 falsi
1009 274 1053 300 ac
1078 262 1310 308 festinantes,
1330 262 1450 300 vultu-

125 339 200 377 que
229 328 454 377 composito,
476 340 523 366 ne
552 328 640 366 laeti
663 339 820 366 excessu
849 328 1032 376 principis
1061 338 1136 364 neu
1161 327 1343 365 tristiores
1373 327 1449 378 pri—

125 391 285 438 mordio,
315 392 490 430 lacrimas
518 392 710 443 gaudium,
740 400 895 441 questus
929 392 1188 429 adulationem
1222 392 1447 430 miscebant.

85 460 105 489 3
127 456 214 494 Sex.
243 457 449 507 Pompeius
480 464 518 495 et
552 457 639 495 SeX.
668 456 881 506 Appuleius
914 457 1092 495 consules
1121 457 1234 506 primi
1264 457 1304 494 in
1335 457 1482 503 verbas

125 521 268 560 Tiberii
299 521 474 561 Caesaris
507 523 686 568 iuravere,
716 521 894 571 apudque
923 534 991 559 eos
1023 522 1131 560 Seius
1164 521 1303 560 Strabo
1336 528 1373 560 et
1403 520 1448 560 C.

126 584 350 633 Turranius,
378 586 747 636 ille.praetoriarum
780 586 994 623 cohortium
1027 586 1251 636 praefectus,
1286 586 1348 624 hic
1379 598 1447 623 an-

83 658 106 687 4
125 663 251 690 nonae
267 664 277 699 ;
307 664 400 690 mox
431 658 585 689 senatus
616 652 801 701 milesque
834 659 871 689 et
904 653 1079 701 populus.
1136 652 1239 690 Nam
1271 652 1448 690 Tiberius

125 723 263 755 cuncta
295 729 362 767 per
394 717 570 755 consules
603 717 817 766 incipiebat,
847 724 1043 766 tamquam
1072 724 1198 756 vetere
1225 730 1266 756 re
1294 718 1448 768 publica

83 789 104 818 5
125 788 161 818 et
189 781 390 831 ambiguus
418 781 653 831 imperandi:
681 794 729 819 ne
759 782 924 819 edictum
951 782 1118 831 quidem,
1148 794 1225 831 quo
1251 789 1378 832 patres
1406 783 1446 821 in
1466 798 1501 821 1c

125 846 269 884 curiam
308 847 480 899 vocabat,
523 846 596 883 nisi
639 846 859 907 tribuniciae
903 847 1098 896 potestatis
1149 848 1447 897 praescriptione

82 912 250 960 eposuit
288 912 360 949 sub
396 911 574 960 Augusto
614 906 805 960 acceptae.
869 913 985 948 verba
1023 911 1136 949 edicti
1177 911 1283 951 suere
1324 925 1448 962 pauca

124 982 161 1014 et
193 988 307 1014 sensu
342 976 611 1026 permodesto:
647 977 695 1014 de
728 977 939 1014 honoribus
972 976 1139 1025 parentis
1172 977 1446 1025 consulturum,

123 1053 248 1092 neque
274 1041 478 1079 abscedere
501 1053 524 1078 a
547 1053 717 1090 corpore,
739 1041 853 1090 idque
880 1054 999 1078 unum
1023 1054 1070 1079 ex
1099 1042 1259 1091 publicis
1280 1044 1446 1081 muneri-

82 1109 103 1141 7
122 1106 194 1143 bus
223 1117 416 1155 usurpare.
463 1105 530 1143 sed
560 1106 741 1144 defuncto
769 1107 943 1156 Augusto
970 1106 1122 1156 signum
1150 1108 1348 1156 praetoriis
1381 1119 1445 1146 co·
1463 1123 1501 1155 15

122 1170 292 1208 hortibus
312 1178 354 1209 ut
374 1171 576 1220 imperator
605 1171 784 1218 dederat3
815 1171 1008 1216 excubiae,
1029 1168 1146 1217 arma,
1169 1178 1293 1209 cetera
1313 1172 1447 1219 aulae;

81 1235 232 1274 smiles
267 1236 306 1273 in
344 1236 482 1282 forum,
511 1236 619 1273 miles
653 1237 692 1273 in
726 1237 870 1274 curiam
904 1238 1165 1274 comitabatur.
1226 1237 1366 1274 litteras
1399 1235 1448 1272 ad

122 1302 306 1339 exercitus
325 1307 521 1351 tamquam
542 1300 682 1349 adepto
703 1300 919 1349 principatu
938 1300 1050 1346 misit,
1072 1311 1263 1349 nusquam
1291 1296 1446 1338 cuncta-

80 1373 104 1403 9
123 1365 273 1403 bundus
302 1366 373 1403 nisi
397 1378 485 1404 cum
512 1366 551 1403 in
582 1371 715 1403 senatu
741 1365 966 1414 loqueretur.
1023 1376 1138 1402 causa
1168 1364 1374 1414 praecipua
1398 1377 1446 1403 ex

122 1430 333 1477 formidine,
358 1443 407 1468 ne
439 1430 698 1475 Germanicus
727 1430 765 1467 in
797 1430 904 1467 cuius
934 1441 1051 1466 manu
1074 1435 1131 1466 tot
1159 1428 1342 1478 legiones,
1373 1430 1443 1467 im·
1463 1445 1501 1468 20

121 1507 255 1533 mensa
282 1495 475 1534 sociorum
504 1495 653 1541 auxilia,
681 1495 797 1532 mirus
826 1495 929 1544 apud
957 1494 1142 1558 populum
1166 1493 1280 1541 favor,
1306 1494 1446 1533 habere

59 1568 103 1598 10
121 1559 323 1608 imperium
349 1572 466 1609 quam
497 1567 719 1609 exspectare
748 1559 886 1597 mallet.
943 1559 1058 1597 dabat
1085 1565 1122 1596 et
1148 1559 1284 1605 famae,
1314 1567 1355 1597 ut
1380 1572 1445 1597 vo·

121 1631 226 1662 catus
259 1624 479 1674 electusque
520 1625 646 1674 potius
684 1637 706 1661 a
739 1636 779 1662 re
812 1624 966 1673 publica
998 1624 1186 1662 videretur
1223 1636 1338 1673 quam
1377 1634 1446 1673 per

61 1690 294 1728 uuxorium
325 1691 513 1728 ambitum
553 1699 589 1728 et
628 1689 735 1727 senili
774 1690 984 1738 adoptione
1023 1690 1241 1740 inrepsisse.
1310 1695 1444 1743 postea

119 1758 318 1806 cognitum
346 1763 402 1794 est
430 1757 480 1794 ad
507 1756 823 1805 introspiciendas
853 1757 966 1793 etiam
999 1768 1202 1805 procerum
1230 1747 1495 1801 voluntates‘25

119 1821 314 1860 inductam
342 1821 641 1859 dubitationem:
673 1832 763 1857 nam
787 1821 900 1858 verba
930 1821 1052 1858 vultus
1080 1821 1119 1858 in
1143 1822 1289 1858 crimen
1317 1821 1442 1858 detor-

119 1898 242 1936 quens
261 1887 506 1924 recondebat.

175 1955 213 1989 8.
242 1950 347 1989 Nihil
365 1952 489 2001 primo
516 1956 670 1988 senatus
697 1951 756 1988 die
783 1951 844 2000 agi
867 1963 1004 2001 passus
1024 1956 1077 1988 est
1095 1951 1167 1988 nisi
1187 1951 1234 1989 de
1258 1950 1442 2000 supremis

118 2016 292 2066 Augusti,
313 2017 419 2054 cuius
446 2023 714 2054 testamentum
739 2016 897 2054 inlatum
925 2029 993 2065 per
1019 2017 1182 2065 virgines
1207 2015 1347 2053 Vestae
1374 2014 1444 2052 Ti-

76 2087 98 2117 2
118 2082 263 2119 berium
290 2089 326 2119 et
350 2081 496 2118 Liviam
522 2081 680 2125 heredes
706 2080 848 2120 habuit.
905 2081 1014 2141 Livia
1035 2082 1074 2118 in
1099 2081 1279 2118 familiam
1306 2079 1442 2117 Iuliam
1457 2094 1497 2125 30

118 2158 337 2196 nomenque
364 2128 582 2195 Augustum
611 2145 907 2193 adsumebatur3
937 2147 976 2183 in
988 2135 1111 2196 spem
1139 2144 1347 2183 secundam
1375 2156 1443 2181 ne-

116 2217 226 2261 potes
263 2218 582 2260 pronepotesque.
616 2210 742 2247 tertio.
759 2211 880 2260 gradu
911 2212 1095 2262 primores
1130 2210 1287 2248 civitatis
1322 2209 1442 2259 scrip-

117 2283 225 2322 serat,
267 2275 469 2326 plerosque
514 2276 654 2312 invisos
703 2274 783 2323 sibi,
827 2276 895 2314 sed
936 2276 1113 2314 iactantia
1154 2274 1349 2324 gloriaque
1392 2272 1442 2310 ad
