<?xml version="1.0" encoding="UTF-8"?>
<!DOCTYPE html PUBLIC "-//W3C//DTD XHTML 1.0 Transitional//EN"
    "http://www.w3.org/TR/xhtml1/DTD/xhtml1-transitional.dtd">
<html xmlns="http://www.w3.org/1999/xhtml" xml:lang="en" lang="en">
 <head>
  <title>
</title>
<meta http-equiv="Content-Type" content="text/html;charset=utf-8" />
  <meta name='ocr-system' content='tesseract 3.04.00' />
  <meta name='ocr-capabilities' content='ocr_page ocr_carea ocr_par ocr_line ocrx_word'/>
</head>
<body>
  <div class='ocr_page' id='page_1' title='image "annaliumliberi00taciuoft_0052.png"; bbox 0 0 1612 2493; ppageno 0'>
   <div class='ocr_carea' id='block_1_1' title="bbox 143 89 1469 146">
    <p class='ocr_par' dir='ltr' id='par_1_1' title="bbox 143 89 1469 146">
     <span class='ocr_line' id='line_1_1' title="bbox 143 89 1469 146; baseline 0.005 -21"><span class='ocrx_word' id='word_1_1' title='bbox 143 104 192 137; x_wconf 88' lang='lat'>44</span> <span class='ocrx_word' id='word_1_2' title='bbox 434 95 674 127; x_wconf 76' lang='lat' dir='ltr'><em>CORNELII</em></span> <span class='ocrx_word' id='word_1_3' title='bbox 702 96 874 128; x_wconf 77' lang='lat' dir='ltr'><em>TACJTJ</em></span> <span class='ocrx_word' id='word_1_4' title='bbox 897 97 1174 129; x_wconf 80' lang='lat' dir='ltr'><em>ANNALJUM</em></span> <span class='ocrx_word' id='word_1_5' title='bbox 1234 89 1374 146; x_wconf 59' lang='lat' dir='ltr'>[Aue.</span> <span class='ocrx_word' id='word_1_6' title='bbox 1396 97 1469 140; x_wconf 84' lang='lat'><em>767·</em></span> 
     </span>
    </p>
   </div>
   <div class='ocr_carea' id='block_1_2' title="bbox 98 200 1517 2329">
    <p class='ocr_par' dir='ltr' id='par_1_2' title="bbox 99 200 1510 832">
     <span class='ocr_line' id='line_1_2' title="bbox 146 200 1469 252; baseline 0.002 -15"><span class='ocrx_word' id='word_1_7' title='bbox 146 200 330 250; x_wconf 91' lang='lat' dir='ltr'>populum</span> <span class='ocrx_word' id='word_1_8' title='bbox 365 212 532 246; x_wconf 89' lang='lat' dir='ltr'>annona,</span> <span class='ocrx_word' id='word_1_9' title='bbox 563 208 723 239; x_wconf 89' lang='lat' dir='ltr'>cunctos</span> <span class='ocrx_word' id='word_1_10' title='bbox 757 201 956 240; x_wconf 81' lang='lat' dir='ltr'><strong>dulcedine</strong></span> <span class='ocrx_word' id='word_1_11' title='bbox 987 202 1054 240; x_wconf 92' lang='lat' dir='ltr'>otii</span> <span class='ocrx_word' id='word_1_12' title='bbox 1082 202 1244 252; x_wconf 82' lang='lat' dir='ltr'>pellexit,</span> <span class='ocrx_word' id='word_1_13' title='bbox 1274 204 1469 252; x_wconf 87' lang='lat' dir='ltr'>insurgere</span> 
     </span>
     <span class='ocr_line' id='line_1_3' title="bbox 148 265 1469 316; baseline 0.003 -15"><span class='ocrx_word' id='word_1_14' title='bbox 148 265 341 314; x_wconf 86' lang='lat' dir='ltr'>paulatim,</span> <span class='ocrx_word' id='word_1_15' title='bbox 365 265 494 302; x_wconf 87' lang='lat' dir='ltr'>munia</span> <span class='ocrx_word' id='word_1_16' title='bbox 520 272 672 303; x_wconf 86' lang='lat' dir='ltr'>senatus</span> <span class='ocrx_word' id='word_1_17' title='bbox 699 267 987 314; x_wconf 82' lang='lat' dir='ltr'>magistratuum</span> <span class='ocrx_word' id='word_1_18' title='bbox 1013 266 1143 316; x_wconf 91' lang='lat' dir='ltr'>legum</span> <span class='ocrx_word' id='word_1_19' title='bbox 1172 267 1211 304; x_wconf 90' lang='lat' dir='ltr'>in</span> <span class='ocrx_word' id='word_1_20' title='bbox 1241 280 1281 305; x_wconf 90' lang='lat' dir='ltr'>se</span> <span class='ocrx_word' id='word_1_21' title='bbox 1310 268 1469 312; x_wconf 88' lang='lat' dir='ltr'>trahere,</span> 
     </span>
     <span class='ocr_line' id='line_1_4' title="bbox 148 329 1470 381; baseline 0.002 -15"><span class='ocrx_word' id='word_1_22' title='bbox 148 330 251 367; x_wconf 91' lang='lat' dir='ltr'>nullo</span> <span class='ocrx_word' id='word_1_23' title='bbox 275 329 506 375; x_wconf 90' lang='lat' dir='ltr'>adversante,</span> <span class='ocrx_word' id='word_1_24' title='bbox 532 341 620 367; x_wconf 90' lang='lat' dir='ltr'>cum</span> <span class='ocrx_word' id='word_1_25' title='bbox 647 330 867 368; x_wconf 88' lang='lat' dir='ltr'>ferocissimi</span> <span class='ocrx_word' id='word_1_26' title='bbox 891 343 957 379; x_wconf 89' lang='lat' dir='ltr'>per</span> <span class='ocrx_word' id='word_1_27' title='bbox 981 331 1083 368; x_wconf 87' lang='lat' dir='ltr'>acies</span> <span class='ocrx_word' id='word_1_28' title='bbox 1107 338 1170 368; x_wconf 88' lang='lat' dir='ltr'>aut</span> <span class='ocrx_word' id='word_1_29' title='bbox 1193 332 1470 381; x_wconf 87' lang='lat' dir='ltr'>proscriptione</span> 
     </span>
     <span class='ocr_line' id='line_1_5' title="bbox 148 394 1469 446; baseline 0.002 -14"><span class='ocrx_word' id='word_1_30' title='bbox 148 395 383 438; x_wconf 82' lang='lat' dir='ltr'>cecidissent,</span> <span class='ocrx_word' id='word_1_31' title='bbox 413 394 525 432; x_wconf 87' lang='lat' dir='ltr'>ceteri</span> <span class='ocrx_word' id='word_1_32' title='bbox 553 395 748 440; x_wconf 87' lang='lat' dir='ltr'>nobilium,</span> <span class='ocrx_word' id='word_1_33' title='bbox 781 404 924 444; x_wconf 90' lang='lat' dir='ltr'>quanto</span> <span class='ocrx_word' id='word_1_34' title='bbox 954 396 1038 445; x_wconf 91' lang='lat' dir='ltr'>quis</span> <span class='ocrx_word' id='word_1_35' title='bbox 1067 396 1217 432; x_wconf 91' lang='lat' dir='ltr'>servitio</span> <span class='ocrx_word' id='word_1_36' title='bbox 1247 397 1469 446; x_wconf 87' lang='lat' dir='ltr'>promptior,</span> 
     </span>
     <span class='ocr_line' id='line_1_6' title="bbox 112 458 1470 509; baseline 0.001 -13"><span class='ocrx_word' id='word_1_37' title='bbox 112 460 282 509; x_wconf 81' lang='lat' dir='ltr'>5opibus</span> <span class='ocrx_word' id='word_1_38' title='bbox 315 465 352 496; x_wconf 93' lang='lat' dir='ltr'>et</span> <span class='ocrx_word' id='word_1_39' title='bbox 385 458 593 496; x_wconf 84' lang='lat' dir='ltr'>honoribus</span> <span class='ocrx_word' id='word_1_40' title='bbox 626 459 891 497; x_wconf 80' lang='lat' dir='ltr'>extollerentur</span> <span class='ocrx_word' id='word_1_41' title='bbox 925 472 969 497; x_wconf 89' lang='lat' dir='ltr'>ac</span> <span class='ocrx_word' id='word_1_42' title='bbox 1004 460 1111 497; x_wconf 89' lang='lat' dir='ltr'>novis</span> <span class='ocrx_word' id='word_1_43' title='bbox 1145 472 1192 497; x_wconf 91' lang='lat' dir='ltr'>ex</span> <span class='ocrx_word' id='word_1_44' title='bbox 1224 462 1337 498; x_wconf 91' lang='lat' dir='ltr'>rebus</span> <span class='ocrx_word' id='word_1_45' title='bbox 1370 460 1470 499; x_wconf 86' lang='lat' dir='ltr'>aucti</span> 
     </span>
     <span class='ocr_line' id='line_1_7' title="bbox 148 523 1510 574; baseline -0.002 -12"><span class='ocrx_word' id='word_1_46' title='bbox 148 531 227 562; x_wconf 88' lang='lat' dir='ltr'>tuta</span> <span class='ocrx_word' id='word_1_47' title='bbox 250 530 287 561; x_wconf 93' lang='lat' dir='ltr'>et</span> <span class='ocrx_word' id='word_1_48' title='bbox 309 523 524 573; x_wconf 85' lang='lat' dir='ltr'>praesentia</span> <span class='ocrx_word' id='word_1_49' title='bbox 547 535 663 571; x_wconf 82' lang='lat' dir='ltr'>quam</span> <span class='ocrx_word' id='word_1_50' title='bbox 689 531 813 562; x_wconf 89' lang='lat' dir='ltr'>vetera</span> <span class='ocrx_word' id='word_1_51' title='bbox 833 532 868 562; x_wconf 88' lang='lat' dir='ltr'>et</span> <span class='ocrx_word' id='word_1_52' title='bbox 888 525 1099 574; x_wconf 89' lang='lat' dir='ltr'>periculosa</span> <span class='ocrx_word' id='word_1_53' title='bbox 1123 525 1288 562; x_wconf 88' lang='lat' dir='ltr'>mallent.</span> <span class='ocrx_word' id='word_1_54' title='bbox 1345 537 1469 574; x_wconf 89' lang='lat' dir='ltr'>neque</span> <span class='ocrx_word' id='word_1_55' title='bbox 1488 530 1510 559; x_wconf 91' lang='lat'>2</span> 
     </span>
     <span class='ocr_line' id='line_1_8' title="bbox 147 588 1470 640; baseline 0 -14"><span class='ocrx_word' id='word_1_56' title='bbox 147 589 363 640; x_wconf 89' lang='lat' dir='ltr'>provinciae</span> <span class='ocrx_word' id='word_1_57' title='bbox 393 588 497 624; x_wconf 88' lang='lat' dir='ltr'>illum</span> <span class='ocrx_word' id='word_1_58' title='bbox 527 599 652 624; x_wconf 89' lang='lat' dir='ltr'>rerum</span> <span class='ocrx_word' id='word_1_59' title='bbox 682 595 819 625; x_wconf 87' lang='lat' dir='ltr'>statum</span> <span class='ocrx_word' id='word_1_60' title='bbox 849 590 1077 634; x_wconf 82' lang='lat' dir='ltr'>abnuebant,</span> <span class='ocrx_word' id='word_1_61' title='bbox 1108 595 1287 638; x_wconf 88' lang='lat' dir='ltr'>suspecto</span> <span class='ocrx_word' id='word_1_62' title='bbox 1318 596 1470 626; x_wconf 89' lang='lat' dir='ltr'>senatus</span> 
     </span>
     <span class='ocr_line' id='line_1_9' title="bbox 147 652 1470 703; baseline -0.001 -13"><span class='ocrx_word' id='word_1_63' title='bbox 147 653 355 703; x_wconf 84' lang='lat' dir='ltr'>populique</span> <span class='ocrx_word' id='word_1_64' title='bbox 379 652 538 700; x_wconf 90' lang='lat' dir='ltr'>imperio</span> <span class='ocrx_word' id='word_1_65' title='bbox 562 653 613 689; x_wconf 94' lang='lat' dir='ltr'>ob</span> <span class='ocrx_word' id='word_1_66' title='bbox 637 654 842 690; x_wconf 89' lang='lat' dir='ltr'>certamina</span> <span class='ocrx_word' id='word_1_67' title='bbox 871 654 1083 703; x_wconf 90' lang='lat' dir='ltr'>potentium</span> <span class='ocrx_word' id='word_1_68' title='bbox 1109 659 1146 690; x_wconf 90' lang='lat' dir='ltr'>et</span> <span class='ocrx_word' id='word_1_69' title='bbox 1173 653 1366 691; x_wconf 89' lang='lat' dir='ltr'>avaritiam</span> <span class='ocrx_word' id='word_1_70' title='bbox 1389 665 1470 690; x_wconf 90' lang='lat' dir='ltr'>ma-</span> 
     </span>
     <span class='ocr_line' id='line_1_10' title="bbox 148 717 1470 768; baseline 0.001 -14"><span class='ocrx_word' id='word_1_71' title='bbox 148 718 379 767; x_wconf 86' lang='lat' dir='ltr'>gistratuum,</span> <span class='ocrx_word' id='word_1_72' title='bbox 400 717 563 755; x_wconf 80' lang='lat' dir='ltr'>invalido</span> <span class='ocrx_word' id='word_1_73' title='bbox 587 717 715 765; x_wconf 85' lang='lat' dir='ltr'>legum</span> <span class='ocrx_word' id='word_1_74' title='bbox 740 719 890 764; x_wconf 80' lang='lat' dir='ltr'>auxilio,</span> <span class='ocrx_word' id='word_1_75' title='bbox 911 731 1009 767; x_wconf 88' lang='lat' dir='ltr'>quae</span> <span class='ocrx_word' id='word_1_76' title='bbox 1028 719 1075 765; x_wconf 94' lang='lat' dir='ltr'>vi,</span> <span class='ocrx_word' id='word_1_77' title='bbox 1097 719 1250 764; x_wconf 91' lang='lat' dir='ltr'>ambitu,</span> <span class='ocrx_word' id='word_1_78' title='bbox 1274 725 1470 768; x_wconf 89' lang='lat' dir='ltr'>postremo</span> 
     </span>
     <span class='ocr_line' id='line_1_11' title="bbox 99 774 584 832; baseline -0.004 -11"><span class='ocrx_word' id='word_1_79' title='bbox 99 797 135 822; x_wconf 86' lang='lat'>10</span> <span class='ocrx_word' id='word_1_80' title='bbox 150 782 310 832; x_wconf 91' lang='lat' dir='ltr'>pecunia</span> <span class='ocrx_word' id='word_1_81' title='bbox 328 774 584 819; x_wconf 84' lang='lat' dir='ltr'>turbabantur.</span> 
     </span>
    </p>

    <p class='ocr_par' dir='ltr' id='par_1_3' title="bbox 149 846 1472 1089">
     <span class='ocr_line' id='line_1_12' title="bbox 201 846 1470 899; baseline 0 -14"><span class='ocrx_word' id='word_1_82' title='bbox 201 851 237 885; x_wconf 88' lang='grc'>3.</span> <span class='ocrx_word' id='word_1_83' title='bbox 268 846 450 884; x_wconf 91' lang='lat' dir='ltr'>Ceterum</span> <span class='ocrx_word' id='word_1_84' title='bbox 467 848 663 895; x_wconf 88' lang='lat' dir='ltr'>Augustus</span> <span class='ocrx_word' id='word_1_85' title='bbox 684 848 850 885; x_wconf 77' lang='lat' dir='ltr'>subsidIa</span> <span class='ocrx_word' id='word_1_86' title='bbox 870 848 1120 886; x_wconf 82' lang='lat' dir='ltr'>dominationi</span> <span class='ocrx_word' id='word_1_87' title='bbox 1144 847 1346 899; x_wconf 89' lang='lat' dir='ltr'>Claudium</span> <span class='ocrx_word' id='word_1_88' title='bbox 1367 847 1470 886; x_wconf 90' lang='lat' dir='ltr'>Mar-</span> 
     </span>
     <span class='ocr_line' id='line_1_13' title="bbox 149 911 1472 962; baseline 0 -12"><span class='ocrx_word' id='word_1_89' title='bbox 149 912 287 950; x_wconf 92' lang='lat' dir='ltr'>cellum</span> <span class='ocrx_word' id='word_1_90' title='bbox 316 912 457 949; x_wconf 93' lang='lat' dir='ltr'>sororis</span> <span class='ocrx_word' id='word_1_91' title='bbox 487 911 606 948; x_wconf 88' lang='lat' dir='ltr'>filium</span> <span class='ocrx_word' id='word_1_92' title='bbox 635 912 841 950; x_wconf 87' lang='lat' dir='ltr'>admodum</span> <span class='ocrx_word' id='word_1_93' title='bbox 872 914 1154 951; x_wconf 82' lang='lat' dir='ltr'>adulescentem</span> <span class='ocrx_word' id='word_1_94' title='bbox 1184 913 1407 962; x_wconf 76' lang='lat' dir='ltr'>pontificatu</span> <span class='ocrx_word' id='word_1_95' title='bbox 1435 919 1472 951; x_wconf 93' lang='lat' dir='ltr'>et</span> 
     </span>
     <span class='ocr_line' id='line_1_14' title="bbox 150 975 1472 1026; baseline 0 -11"><span class='ocrx_word' id='word_1_96' title='bbox 150 977 268 1015; x_wconf 91' lang='lat' dir='ltr'>curuli</span> <span class='ocrx_word' id='word_1_97' title='bbox 291 975 490 1022; x_wconf 86' lang='lat' dir='ltr'>aedilitate,</span> <span class='ocrx_word' id='word_1_98' title='bbox 513 975 567 1013; x_wconf 86' lang='lat' dir='ltr'>M.</span> <span class='ocrx_word' id='word_1_99' title='bbox 589 977 799 1026; x_wconf 84' lang='lat' dir='ltr'>Agrippam</span> <span class='ocrx_word' id='word_1_100' title='bbox 827 978 1034 1025; x_wconf 80' lang='lat' dir='ltr'>ignobilem</span> <span class='ocrx_word' id='word_1_101' title='bbox 1057 978 1155 1023; x_wconf 88' lang='lat' dir='ltr'>loco,</span> <span class='ocrx_word' id='word_1_102' title='bbox 1175 979 1321 1014; x_wconf 87' lang='lat' dir='ltr'>bonum</span> <span class='ocrx_word' id='word_1_103' title='bbox 1342 978 1472 1015; x_wconf 89' lang='lat' dir='ltr'>militia</span> 
     </span>
     <span class='ocr_line' id='line_1_15' title="bbox 149 1041 1472 1089; baseline 0 -10"><span class='ocrx_word' id='word_1_104' title='bbox 149 1049 186 1080; x_wconf 90' lang='lat' dir='ltr'>et</span> <span class='ocrx_word' id='word_1_105' title='bbox 210 1041 384 1080; x_wconf 90' lang='lat' dir='ltr'>victoriae</span> <span class='ocrx_word' id='word_1_106' title='bbox 411 1042 570 1086; x_wconf 92' lang='lat' dir='ltr'>socium,</span> <span class='ocrx_word' id='word_1_107' title='bbox 598 1042 801 1089; x_wconf 87' lang='lat' dir='ltr'>geminatis</span> <span class='ocrx_word' id='word_1_108' title='bbox 829 1042 1087 1079; x_wconf 87' lang='lat' dir='ltr'>consulatibus</span> <span class='ocrx_word' id='word_1_109' title='bbox 1116 1043 1258 1085; x_wconf 89' lang='lat' dir='ltr'>extulit,</span> <span class='ocrx_word' id='word_1_110' title='bbox 1288 1054 1380 1079; x_wconf 91' lang='lat' dir='ltr'>mox</span> <span class='ocrx_word' id='word_1_111' title='bbox 1409 1042 1472 1080; x_wconf 92' lang='lat' dir='ltr'>de-</span> 
     </span>
    </p>

    <p class='ocr_par' dir='ltr' id='par_1_4' title="bbox 99 1106 1513 1417">
     <span class='ocr_line' id='line_1_16' title="bbox 99 1106 1472 1156; baseline 0 -11"><span class='ocrx_word' id='word_1_112' title='bbox 99 1123 136 1155; x_wconf 80' lang='lat'>15</span> <span class='ocrx_word' id='word_1_113' title='bbox 153 1107 282 1144; x_wconf 88' lang='lat' dir='ltr'>functo</span> <span class='ocrx_word' id='word_1_114' title='bbox 317 1106 500 1144; x_wconf 89' lang='lat' dir='ltr'>Marcello</span> <span class='ocrx_word' id='word_1_115' title='bbox 534 1118 718 1155; x_wconf 84' lang='lat' dir='ltr'>generum</span> <span class='ocrx_word' id='word_1_116' title='bbox 754 1108 939 1156; x_wconf 82' lang='lat' dir='ltr'>sumpsit3</span> <span class='ocrx_word' id='word_1_117' title='bbox 973 1107 1171 1145; x_wconf 89' lang='lat' dir='ltr'>Tiberium</span> <span class='ocrx_word' id='word_1_118' title='bbox 1205 1108 1401 1146; x_wconf 92' lang='lat' dir='ltr'>Neronem</span> <span class='ocrx_word' id='word_1_119' title='bbox 1435 1114 1472 1145; x_wconf 90' lang='lat' dir='ltr'>et</span> 
     </span>
     <span class='ocr_line' id='line_1_17' title="bbox 150 1160 1471 1221; baseline 0 -11"><span class='ocrx_word' id='word_1_120' title='bbox 150 1172 351 1210; x_wconf 90' lang='lat' dir='ltr'>Claudium</span> <span class='ocrx_word' id='word_1_121' title='bbox 381 1170 550 1209; x_wconf 87' lang='lat' dir='ltr'>Drusum</span> <span class='ocrx_word' id='word_1_122' title='bbox 587 1160 789 1221; x_wconf 24' lang='lat' dir='ltr'>privignos·</span> <span class='ocrx_word' id='word_1_123' title='bbox 816 1163 1061 1221; x_wconf 82' lang='lat' dir='ltr'>imperatoriis</span> <span class='ocrx_word' id='word_1_124' title='bbox 1099 1174 1317 1211; x_wconf 87' lang='lat' dir='ltr'>nominibus</span> <span class='ocrx_word' id='word_1_125' title='bbox 1356 1173 1471 1218; x_wconf 88' lang='lat' dir='ltr'>auxit,</span> 
     </span>
     <span class='ocr_line' id='line_1_18' title="bbox 149 1226 1513 1286; baseline 0.001 -13"><span class='ocrx_word' id='word_1_126' title='bbox 149 1237 295 1286; x_wconf 83' lang='lat' dir='ltr'>integra</span> <span class='ocrx_word' id='word_1_127' title='bbox 318 1236 432 1274; x_wconf 86' lang='lat' dir='ltr'>etiam</span> <span class='ocrx_word' id='word_1_128' title='bbox 458 1244 538 1274; x_wconf 87' lang='lat' dir='ltr'>tum</span> <span class='ocrx_word' id='word_1_129' title='bbox 563 1237 681 1274; x_wconf 91' lang='lat' dir='ltr'>domo</span> <span class='ocrx_word' id='word_1_130' title='bbox 709 1248 788 1274; x_wconf 89' lang='lat' dir='ltr'>sua.</span> <span class='ocrx_word' id='word_1_131' title='bbox 845 1249 934 1274; x_wconf 88' lang='lat' dir='ltr'>nam</span> <span class='ocrx_word' id='word_1_132' title='bbox 963 1226 1114 1285; x_wconf 54' lang='lat' dir='ltr'>g&#39;e&#39;nitos</span> <span class='ocrx_word' id='word_1_133' title='bbox 1134 1226 1311 1286; x_wconf 84' lang='lat' dir='ltr'>Agrippa</span> <span class='ocrx_word' id='word_1_134' title='bbox 1331 1237 1471 1275; x_wconf 84' lang='lat' dir='ltr'>Gaium</span> <span class='ocrx_word' id='word_1_135' title='bbox 1491 1247 1513 1276; x_wconf 83' lang='lat'>2</span> 
     </span>
     <span class='ocr_line' id='line_1_19' title="bbox 149 1301 1474 1352; baseline 0.002 -13"><span class='ocrx_word' id='word_1_136' title='bbox 149 1314 195 1340; x_wconf 90' lang='lat' dir='ltr'>ac</span> <span class='ocrx_word' id='word_1_137' title='bbox 221 1302 382 1340; x_wconf 90' lang='lat' dir='ltr'>Lucium</span> <span class='ocrx_word' id='word_1_138' title='bbox 409 1302 448 1339; x_wconf 93' lang='lat' dir='ltr'>in</span> <span class='ocrx_word' id='word_1_139' title='bbox 479 1301 662 1339; x_wconf 85' lang='lat' dir='ltr'>familiam</span> <span class='ocrx_word' id='word_1_140' title='bbox 690 1302 895 1340; x_wconf 86' lang='lat' dir='ltr'>Caesarum</span> <span class='ocrx_word' id='word_1_141' title='bbox 921 1303 1129 1348; x_wconf 82' lang='lat' dir='ltr'>induxerat,</span> <span class='ocrx_word' id='word_1_142' title='bbox 1155 1303 1319 1340; x_wconf 92' lang='lat' dir='ltr'>necdum</span> <span class='ocrx_word' id='word_1_143' title='bbox 1348 1303 1474 1352; x_wconf 87' lang='lat' dir='ltr'>posita</span> 
     </span>
     <span class='ocr_line' id='line_1_20' title="bbox 149 1367 1473 1417; baseline 0.001 -13"><span class='ocrx_word' id='word_1_144' title='bbox 149 1367 279 1417; x_wconf 87' lang='lat' dir='ltr'>puerili</span> <span class='ocrx_word' id='word_1_145' title='bbox 299 1374 494 1416; x_wconf 88' lang='lat' dir='ltr'>praetexta</span> <span class='ocrx_word' id='word_1_146' title='bbox 518 1368 709 1417; x_wconf 87' lang='lat' dir='ltr'>principes</span> <span class='ocrx_word' id='word_1_147' title='bbox 734 1368 935 1405; x_wconf 85' lang='lat' dir='ltr'>iuventutis</span> <span class='ocrx_word' id='word_1_148' title='bbox 963 1367 1154 1416; x_wconf 88' lang='lat' dir='ltr'>appellari,</span> <span class='ocrx_word' id='word_1_149' title='bbox 1176 1367 1356 1405; x_wconf 89' lang='lat' dir='ltr'>destinari</span> <span class='ocrx_word' id='word_1_150' title='bbox 1381 1379 1473 1405; x_wconf 90' lang='lat' dir='ltr'>con·</span> 
     </span>
    </p>

    <p class='ocr_par' dir='ltr' id='par_1_5' title="bbox 98 1432 1514 1743">
     <span class='ocr_line' id='line_1_21' title="bbox 98 1432 1514 1482; baseline -0.001 -11"><span class='ocrx_word' id='word_1_151' title='bbox 98 1449 136 1471; x_wconf 90' lang='lat'>20</span> <span class='ocrx_word' id='word_1_152' title='bbox 150 1432 248 1471; x_wconf 84' lang='lat' dir='ltr'>sules</span> <span class='ocrx_word' id='word_1_153' title='bbox 276 1432 401 1482; x_wconf 89' lang='lat' dir='ltr'>specie</span> <span class='ocrx_word' id='word_1_154' title='bbox 424 1433 632 1470; x_wconf 87' lang='lat' dir='ltr'>recusantis</span> <span class='ocrx_word' id='word_1_155' title='bbox 658 1432 951 1482; x_wconf 82' lang='lat' dir='ltr'>flagrantissime</span> <span class='ocrx_word' id='word_1_156' title='bbox 974 1432 1175 1482; x_wconf 89' lang='lat' dir='ltr'>cupiverat.</span> <span class='ocrx_word' id='word_1_157' title='bbox 1234 1440 1274 1469; x_wconf 92' lang='lat' dir='ltr'>ut</span> <span class='ocrx_word' id='word_1_158' title='bbox 1298 1433 1474 1482; x_wconf 86' lang='lat' dir='ltr'>Agrippa</span> <span class='ocrx_word' id='word_1_159' title='bbox 1492 1445 1514 1474; x_wconf 86' lang='lat'><strong>3</strong></span> 
     </span>
     <span class='ocr_line' id='line_1_22' title="bbox 150 1497 1475 1547; baseline 0.002 -14"><span class='ocrx_word' id='word_1_160' title='bbox 150 1499 223 1536; x_wconf 82' lang='lat' dir='ltr'>vita</span> <span class='ocrx_word' id='word_1_161' title='bbox 243 1498 442 1543; x_wconf 89' lang='lat' dir='ltr'>concessit,</span> <span class='ocrx_word' id='word_1_162' title='bbox 463 1497 623 1534; x_wconf 88' lang='lat' dir='ltr'>Lucium</span> <span class='ocrx_word' id='word_1_163' title='bbox 645 1497 847 1535; x_wconf 89' lang='lat' dir='ltr'>Caesarem</span> <span class='ocrx_word' id='word_1_164' title='bbox 867 1505 1020 1535; x_wconf 87' lang='lat' dir='ltr'>euntem</span> <span class='ocrx_word' id='word_1_165' title='bbox 1040 1497 1089 1534; x_wconf 90' lang='lat' dir='ltr'>ad</span> <span class='ocrx_word' id='word_1_166' title='bbox 1110 1497 1379 1547; x_wconf 87' lang='lat' dir='ltr'>Hispaniensis</span> <span class='ocrx_word' id='word_1_167' title='bbox 1407 1509 1475 1535; x_wconf 84' lang='lat' dir='ltr'>ex-</span> 
     </span>
     <span class='ocr_line' id='line_1_23' title="bbox 150 1561 1475 1607; baseline -0.001 -7"><span class='ocrx_word' id='word_1_168' title='bbox 150 1563 298 1607; x_wconf 89' lang='lat' dir='ltr'>ercitus,</span> <span class='ocrx_word' id='word_1_169' title='bbox 334 1561 473 1599; x_wconf 89' lang='lat' dir='ltr'>Gaium</span> <span class='ocrx_word' id='word_1_170' title='bbox 511 1568 745 1599; x_wconf 89' lang='lat' dir='ltr'>remeantem</span> <span class='ocrx_word' id='word_1_171' title='bbox 784 1562 966 1600; x_wconf 90' lang='lat' dir='ltr'>Armenia</span> <span class='ocrx_word' id='word_1_172' title='bbox 1003 1568 1040 1600; x_wconf 91' lang='lat' dir='ltr'>et</span> <span class='ocrx_word' id='word_1_173' title='bbox 1077 1562 1228 1599; x_wconf 84' lang='lat' dir='ltr'>vulnere</span> <span class='ocrx_word' id='word_1_174' title='bbox 1266 1562 1475 1600; x_wconf 89' lang='lat' dir='ltr'>invalidum</span> 
     </span>
     <span class='ocr_line' id='line_1_24' title="bbox 151 1627 1475 1676; baseline -0.001 -11"><span class='ocrx_word' id='word_1_175' title='bbox 151 1640 255 1665; x_wconf 87' lang='lat' dir='ltr'>mors</span> <span class='ocrx_word' id='word_1_176' title='bbox 279 1627 354 1664; x_wconf 88' lang='lat' dir='ltr'>fato</span> <span class='ocrx_word' id='word_1_177' title='bbox 379 1639 542 1676; x_wconf 87' lang='lat' dir='ltr'>propera</span> <span class='ocrx_word' id='word_1_178' title='bbox 567 1627 626 1664; x_wconf 91' lang='lat' dir='ltr'>vel</span> <span class='ocrx_word' id='word_1_179' title='bbox 652 1639 838 1664; x_wconf 89' lang='lat' dir='ltr'>novercae</span> <span class='ocrx_word' id='word_1_180' title='bbox 860 1627 988 1665; x_wconf 88' lang='lat' dir='ltr'>Liviae</span> <span class='ocrx_word' id='word_1_181' title='bbox 1013 1627 1123 1665; x_wconf 92' lang='lat' dir='ltr'>dolus</span> <span class='ocrx_word' id='word_1_182' title='bbox 1147 1627 1308 1673; x_wconf 87' lang='lat' dir='ltr'>abstulit,</span> <span class='ocrx_word' id='word_1_183' title='bbox 1330 1627 1475 1665; x_wconf 86' lang='lat' dir='ltr'>Druso-</span> 
     </span>
     <span class='ocr_line' id='line_1_25' title="bbox 152 1691 1476 1743; baseline -0.001 -13"><span class='ocrx_word' id='word_1_184' title='bbox 152 1705 224 1743; x_wconf 88' lang='lat' dir='ltr'>que</span> <span class='ocrx_word' id='word_1_185' title='bbox 250 1692 397 1742; x_wconf 89' lang='lat' dir='ltr'>pridem</span> <span class='ocrx_word' id='word_1_186' title='bbox 422 1692 591 1730; x_wconf 82' lang='lat' dir='ltr'>extincto</span> <span class='ocrx_word' id='word_1_187' title='bbox 613 1691 718 1730; x_wconf 87' lang='lat' dir='ltr'>Nero</span> <span class='ocrx_word' id='word_1_188' title='bbox 742 1693 844 1730; x_wconf 89' lang='lat' dir='ltr'>solus</span> <span class='ocrx_word' id='word_1_189' title='bbox 867 1705 888 1730; x_wconf 91' lang='lat' dir='ltr'>e</span> <span class='ocrx_word' id='word_1_190' title='bbox 915 1693 1093 1743; x_wconf 87' lang='lat' dir='ltr'>privignis</span> <span class='ocrx_word' id='word_1_191' title='bbox 1116 1699 1206 1739; x_wconf 87' lang='lat' dir='ltr'>erat,</span> <span class='ocrx_word' id='word_1_192' title='bbox 1226 1693 1312 1730; x_wconf 91' lang='lat' dir='ltr'>illuc</span> <span class='ocrx_word' id='word_1_193' title='bbox 1337 1699 1476 1730; x_wconf 87' lang='lat' dir='ltr'>cuncta</span> 
     </span>
    </p>

    <p class='ocr_par' dir='ltr' id='par_1_6' title="bbox 100 1757 1517 2075">
     <span class='ocr_line' id='line_1_26' title="bbox 100 1757 1475 1808; baseline -0.001 -11"><span class='ocrx_word' id='word_1_194' title='bbox 100 1774 137 1805; x_wconf 84' lang='lat'>25</span> <span class='ocrx_word' id='word_1_195' title='bbox 153 1770 326 1808; x_wconf 83' lang='lat' dir='ltr'>vergere:</span> <span class='ocrx_word' id='word_1_196' title='bbox 356 1757 466 1802; x_wconf 90' lang='lat' dir='ltr'>filius,</span> <span class='ocrx_word' id='word_1_197' title='bbox 488 1757 636 1806; x_wconf 86' lang='lat' dir='ltr'>collega</span> <span class='ocrx_word' id='word_1_198' title='bbox 665 1758 819 1807; x_wconf 91' lang='lat' dir='ltr'>imperii,</span> <span class='ocrx_word' id='word_1_199' title='bbox 848 1770 1008 1796; x_wconf 90' lang='lat' dir='ltr'>consors</span> <span class='ocrx_word' id='word_1_200' title='bbox 1031 1758 1250 1796; x_wconf 91' lang='lat' dir='ltr'>tribuniciae</span> <span class='ocrx_word' id='word_1_201' title='bbox 1278 1759 1475 1808; x_wconf 86' lang='lat' dir='ltr'>potestatis</span> 
     </span>
     <span class='ocr_line' id='line_1_27' title="bbox 153 1822 1475 1872; baseline 0 -12"><span class='ocrx_word' id='word_1_202' title='bbox 153 1823 362 1860; x_wconf 88' lang='lat' dir='ltr'>adsumitur</span> <span class='ocrx_word' id='word_1_203' title='bbox 391 1822 592 1872; x_wconf 87' lang='lat' dir='ltr'>omnisque</span> <span class='ocrx_word' id='word_1_204' title='bbox 621 1835 688 1871; x_wconf 91' lang='lat' dir='ltr'>per</span> <span class='ocrx_word' id='word_1_205' title='bbox 717 1824 904 1860; x_wconf 86' lang='lat' dir='ltr'>exercitus</span> <span class='ocrx_word' id='word_1_206' title='bbox 933 1829 1153 1868; x_wconf 89' lang='lat' dir='ltr'>ostentatur,</span> <span class='ocrx_word' id='word_1_207' title='bbox 1182 1835 1261 1861; x_wconf 92' lang='lat' dir='ltr'>non</span> <span class='ocrx_word' id='word_1_208' title='bbox 1291 1823 1475 1868; x_wconf 90' lang='lat' dir='ltr'>obscuris,</span> 
     </span>
     <span class='ocr_line' id='line_1_28' title="bbox 153 1887 1517 1937; baseline 0 -12"><span class='ocrx_word' id='word_1_209' title='bbox 153 1896 194 1925; x_wconf 89' lang='lat' dir='ltr'>ut</span> <span class='ocrx_word' id='word_1_210' title='bbox 235 1894 355 1933; x_wconf 89' lang='lat' dir='ltr'>antea,</span> <span class='ocrx_word' id='word_1_211' title='bbox 389 1888 519 1924; x_wconf 90' lang='lat' dir='ltr'>matris</span> <span class='ocrx_word' id='word_1_212' title='bbox 558 1887 709 1933; x_wconf 89' lang='lat' dir='ltr'>artibus,</span> <span class='ocrx_word' id='word_1_213' title='bbox 742 1888 809 1925; x_wconf 87' lang='lat' dir='ltr'>sed</span> <span class='ocrx_word' id='word_1_214' title='bbox 843 1887 968 1937; x_wconf 89' lang='lat' dir='ltr'>palam</span> <span class='ocrx_word' id='word_1_215' title='bbox 1002 1887 1163 1925; x_wconf 88' lang='lat' dir='ltr'>hortatu.</span> <span class='ocrx_word' id='word_1_216' title='bbox 1218 1899 1310 1924; x_wconf 89' lang='lat' dir='ltr'>nam</span> <span class='ocrx_word' id='word_1_217' title='bbox 1343 1899 1517 1927; x_wconf 83' lang='lat' dir='ltr'>senem4</span> 
     </span>
     <span class='ocr_line' id='line_1_29' title="bbox 153 1952 1476 2003; baseline 0.001 -14"><span class='ocrx_word' id='word_1_218' title='bbox 153 1953 372 2001; x_wconf 90' lang='lat' dir='ltr'>Augustum</span> <span class='ocrx_word' id='word_1_219' title='bbox 402 1952 622 1990; x_wconf 87' lang='lat' dir='ltr'>devinxerat</span> <span class='ocrx_word' id='word_1_220' title='bbox 649 1953 758 1998; x_wconf 91' lang='lat' dir='ltr'>adeo,</span> <span class='ocrx_word' id='word_1_221' title='bbox 790 1954 840 1990; x_wconf 91' lang='lat' dir='ltr'>uti</span> <span class='ocrx_word' id='word_1_222' title='bbox 865 1960 1045 2002; x_wconf 89' lang='lat' dir='ltr'>nepotem</span> <span class='ocrx_word' id='word_1_223' title='bbox 1070 1953 1237 1999; x_wconf 87' lang='lat' dir='ltr'>unicum,</span> <span class='ocrx_word' id='word_1_224' title='bbox 1264 1953 1476 2003; x_wconf 88' lang='lat' dir='ltr'>Agrippam</span> 
     </span>
     <span class='ocr_line' id='line_1_30' title="bbox 153 2017 1476 2075; baseline 0.002 -21"><span class='ocrx_word' id='word_1_225' title='bbox 153 2017 391 2064; x_wconf 87' lang='lat' dir='ltr'>Postumum,</span> <span class='ocrx_word' id='word_1_226' title='bbox 429 2017 468 2055; x_wconf 90' lang='lat' dir='ltr'>in</span> <span class='ocrx_word' id='word_1_227' title='bbox 510 2018 675 2055; x_wconf 91' lang='lat' dir='ltr'>insulam</span> <span class='ocrx_word' id='word_1_228' title='bbox 713 2018 927 2056; x_wconf 86' lang='lat' dir='ltr'>Planasiam</span> <span class='ocrx_word' id='word_1_229' title='bbox 966 2018 1175 2075; x_wconf 37' lang='lat' dir='ltr'>pyroiecerit,</span> <span class='ocrx_word' id='word_1_230' title='bbox 1214 2018 1347 2056; x_wconf 88' lang='lat' dir='ltr'>rudem</span> <span class='ocrx_word' id='word_1_231' title='bbox 1385 2030 1476 2056; x_wconf 90' lang='lat' dir='ltr'>sane</span> 
     </span>
    </p>

    <p class='ocr_par' dir='ltr' id='par_1_7' title="bbox 101 2074 1516 2329">
     <span class='ocr_line' id='line_1_31' title="bbox 101 2074 1477 2133; baseline 0.001 -14"><span class='ocrx_word' id='word_1_232' title='bbox 101 2097 139 2130; x_wconf 75' lang='lat'>3:</span> <span class='ocrx_word' id='word_1_233' title='bbox 153 2083 340 2121; x_wconf 86' lang='lat' dir='ltr'>bonarum</span> <span class='ocrx_word' id='word_1_234' title='bbox 371 2083 506 2120; x_wconf 87' lang='lat' dir='ltr'>artium</span> <span class='ocrx_word' id='word_1_235' title='bbox 537 2090 573 2120; x_wconf 88' lang='lat' dir='ltr'>et</span> <span class='ocrx_word' id='word_1_236' title='bbox 602 2084 736 2121; x_wconf 90' lang='lat' dir='ltr'>robore</span> <span class='ocrx_word' id='word_1_237' title='bbox 769 2083 938 2133; x_wconf 87' lang='lat' dir='ltr'>corporis</span> <span class='ocrx_word' id='word_1_238' title='bbox 957 2074 1101 2121; x_wconf 75' lang='lat' dir='ltr'>“stolide</span> <span class='ocrx_word' id='word_1_239' title='bbox 1130 2082 1310 2129; x_wconf 89' lang='lat' dir='ltr'>ferocem,</span> <span class='ocrx_word' id='word_1_240' title='bbox 1341 2083 1477 2121; x_wconf 87' lang='lat' dir='ltr'>nullius</span> 
     </span>
     <span class='ocr_line' id='line_1_32' title="bbox 154 2147 1516 2197; baseline 0.001 -13"><span class='ocrx_word' id='word_1_241' title='bbox 154 2157 281 2185; x_wconf 91' lang='lat' dir='ltr'>tamen</span> <span class='ocrx_word' id='word_1_242' title='bbox 319 2147 450 2197; x_wconf 86' lang='lat' dir='ltr'>flagitii</span> <span class='ocrx_word' id='word_1_243' title='bbox 487 2156 725 2197; x_wconf 88' lang='lat' dir='ltr'>conpertum.</span> <span class='ocrx_word' id='word_1_244' title='bbox 781 2157 818 2186; x_wconf 91' lang='lat' dir='ltr'>at</span> <span class='ocrx_word' id='word_1_245' title='bbox 856 2148 1005 2185; x_wconf 90' lang='lat' dir='ltr'>hercule</span> <span class='ocrx_word' id='word_1_246' title='bbox 1040 2148 1315 2186; x_wconf 87' lang='lat' dir='ltr'>Germanicum</span> <span class='ocrx_word' id='word_1_247' title='bbox 1348 2147 1476 2186; x_wconf 89' lang='lat' dir='ltr'>Druso</span> <span class='ocrx_word' id='word_1_248' title='bbox 1495 2158 1516 2186; x_wconf 90' lang='lat'>5</span> 
     </span>
     <span class='ocr_line' id='line_1_33' title="bbox 154 2212 1477 2263; baseline 0 -13"><span class='ocrx_word' id='word_1_249' title='bbox 154 2220 281 2250; x_wconf 90' lang='lat' dir='ltr'>ortum</span> <span class='ocrx_word' id='word_1_250' title='bbox 300 2219 388 2251; x_wconf 88' lang='lat' dir='ltr'>octo</span> <span class='ocrx_word' id='word_1_251' title='bbox 408 2212 508 2263; x_wconf 90' lang='lat' dir='ltr'>apud</span> <span class='ocrx_word' id='word_1_252' title='bbox 534 2213 714 2250; x_wconf 87' lang='lat' dir='ltr'>Rhenum</span> <span class='ocrx_word' id='word_1_253' title='bbox 741 2213 952 2262; x_wconf 85' lang='lat' dir='ltr'>legionibus</span> <span class='ocrx_word' id='word_1_254' title='bbox 978 2213 1146 2263; x_wconf 90' lang='lat' dir='ltr'>inposuit</span> <span class='ocrx_word' id='word_1_255' title='bbox 1169 2213 1382 2263; x_wconf 86' lang='lat' dir='ltr'>adscirique</span> <span class='ocrx_word' id='word_1_256' title='bbox 1409 2226 1477 2263; x_wconf 90' lang='lat' dir='ltr'>per</span> 
     </span>
     <span class='ocr_line' id='line_1_34' title="bbox 154 2277 1478 2329; baseline 0 -13"><span class='ocrx_word' id='word_1_257' title='bbox 154 2279 401 2329; x_wconf 88' lang='lat' dir='ltr'>adoptionem</span> <span class='ocrx_word' id='word_1_258' title='bbox 420 2290 442 2316; x_wconf 89' lang='lat' dir='ltr'>a</span> <span class='ocrx_word' id='word_1_259' title='bbox 458 2277 614 2316; x_wconf 91' lang='lat' dir='ltr'>Tiberio</span> <span class='ocrx_word' id='word_1_260' title='bbox 636 2278 750 2323; x_wconf 73' lang='lat' dir='ltr'>iussit,</span> <span class='ocrx_word' id='word_1_261' title='bbox 767 2289 998 2328; x_wconf 71' lang='lat' dir='ltr'>quamquam</span> <span class='ocrx_word' id='word_1_262' title='bbox 1018 2285 1116 2316; x_wconf 88' lang='lat' dir='ltr'>esset</span> <span class='ocrx_word' id='word_1_263' title='bbox 1135 2278 1174 2315; x_wconf 89' lang='lat' dir='ltr'>in</span> <span class='ocrx_word' id='word_1_264' title='bbox 1195 2278 1314 2317; x_wconf 91' lang='lat' dir='ltr'>domo</span> <span class='ocrx_word' id='word_1_265' title='bbox 1334 2278 1478 2316; x_wconf 89' lang='lat' dir='ltr'>Tiberii</span> 
     </span>
    </p>
   </div>
  </div>
 </body>
</html>
