1612 2493
132 88 180 132 56
399 91 641 128 CORNELII
667 90 840 123 TACITI
861 89 1138 122 ANNALIUM
1217 80 1354 136 [A.U.c.
1377 88 1449 130 767·

134 211 219 237 cere
248 199 403 237 effracto
433 197 582 236 solvunt
606 194 754 233 vincula
780 193 1062 244 desertoresque
1090 205 1135 232 ac
1160 205 1285 232 rerum
1309 203 1450 243 capita-

132 264 222 301 lium
251 264 453 301 damnatos
483 263 553 299 sibi
580 262 655 298 iam
680 261 852 298 miscent.

188 333 253 366 22.
283 328 520 377 Flagrantior
554 326 642 362 inde
675 325 740 370 vis,
771 325 897 374 plures
931 323 1104 362 seditioni
1136 324 1262 362 duces.
1319 330 1357 362 et
1383 322 1452 360 Vi-

133 393 292 429 bulenus
322 392 477 441 quidam
510 389 700 439 gregarius
732 388 849 433 miles,
880 395 965 425 ante
996 388 1157 425 tribunal
1195 388 1318 425 Blaesi
1351 387 1453 424 adle-

99 473 117 503 5
134 464 240 494 vatus
269 455 593 494 circumstantium
621 453 768 499 umeris,
798 453 898 502 apud
925 453 1093 490 turbatos
1122 459 1159 489 et
1187 452 1278 501 quid
1306 457 1455 501 pararet

134 521 297 558 intentos
326 523 335 540 ‘
351 531 417 558 vos
444 517 620 568 quidem'
642 518 762 567 inquit
781 517 860 554 ‘his
886 517 1151 554 innocentibus
1177 524 1213 553 et
1237 516 1454 554 miserrimis

134 585 260 623 lucem
279 590 316 622 et
335 583 507 633 spiritum
531 582 761 620 reddidistis:
793 582 860 619 sed
883 582 966 631 quis
991 581 1091 618 fratri
1114 593 1202 619 meo
1224 581 1348 624 vitam,
1369 581 1455 628 quis

136 649 290 686 fratrem
327 647 418 684 mihi
455 646 603 684 reddit?
641 657 756 694 quem
792 647 951 683 missum
987 646 1036 682 ad
1069 657 1135 683 vos
1169 657 1191 682 a
1225 644 1454 681 Germanico

135 714 299 752 exercitu
329 712 376 749 de
407 711 674 750 communibus
702 711 913 748 commodis
938 718 1048 748 nocte
1075 710 1249 759 proxima
1277 708 1456 757 iugulavit

86 794 123 816 10
136 790 202 828 per
229 777 455 827 gladiatores
486 788 587 821 suos,
616 787 713 825 quos
746 776 785 812 in
818 776 970 812 exitium
1002 775 1163 811 militum
1196 773 1311 811 habet
1341 781 1453 821 atque

135 849 264 881 armat.
320 840 521 891 responde,
550 840 697 886 Blaese,
726 841 790 878 ubi
823 840 982 877 cadaver
1015 838 1219 877 abieceris:
1250 850 1298 874 ne
1327 837 1454 875 hostes
1474 843 1496 873 2

137 907 293 957 quidem
325 906 517 955 sepultura
544 906 721 943 invident.
779 917 865 942 cum
899 905 1047 949 osculis,
1077 916 1166 942 cum
1193 902 1355 940 lacrimis
1387 900 1454 937 do·
1473 909 1496 939 3

134 973 254 1010 lorem
295 982 424 1008 meum
466 970 682 1019 implevero,
721 982 783 1006 me
820 982 972 1019 quoque
1014 968 1188 1006 trucidari
1229 968 1326 1012 iube,
1364 965 1456 1002 dum

135 1036 352 1074 interfectos
375 1035 520 1072 nullum
546 1036 595 1072 ob
625 1035 758 1080 scelus
780 1035 846 1071 sed
872 1035 958 1083 quia
981 1033 1126 1071 utilitati
1144 1032 1338 1083 legionum
1364 1042 1455 1068 con-

88 1117 122 1148 15
137 1102 366 1146 sulebamus,
390 1099 429 1137 hi
455 1099 659 1149 sepeliant!

191 1171 256 1204 23.
285 1165 521 1203 Incendebat
558 1164 652 1202 haec
683 1164 773 1202 fletu
809 1171 846 1201 et
887 1171 1018 1213 pectus
1055 1170 1167 1213 atque
1204 1174 1248 1200 os
1280 1160 1455 1198 manibus

136 1232 347 1268 verberans.
404 1242 496 1268 mox
526 1229 686 1266 disiectis
714 1241 876 1277 quorum
909 1241 976 1278 per
1006 1240 1158 1265 umeros
1190 1226 1454 1270 sustinebatur,
1474 1230 1499 1260 2

138 1307 321 1345 praeceps
348 1302 384 1332 et
408 1294 644 1344 singulorum
667 1295 826 1343 pedibus
847 1293 1043 1330 advolutus
1063 1299 1210 1329 tantum
1236 1298 1457 1328 consterna-

138 1361 246 1398 tionis
273 1360 509 1408 invidiaeque
529 1359 700 1403 concivit,
727 1366 766 1395 ut
788 1370 874 1407 pars
898 1358 1058 1394 militum
1087 1357 1326 1405 gladiatores,
1347 1356 1410 1406 qui
1435 1366 1457 1392 e

88 1442 126 1464 ω
142 1426 288 1463 servitio
322 1424 446 1461 Blaesi
483 1431 598 1469 erant,
633 1435 720 1472 pars
754 1432 919 1461 ceteram
957 1422 1126 1459 eiusdem
1164 1420 1343 1457 familiam
1379 1419 1457 1456 vin-

140 1491 270 1535 cirent,
308 1490 367 1526 alii
408 1488 456 1526 ad
494 1489 754 1538 quaerendum
795 1498 932 1536 corpus
972 1485 1264 1523 effunderentur.
1329 1496 1373 1521 ac
1418 1483 1497 1520 ni3

139 1567 301 1604 propere
327 1566 452 1602 neque
482 1564 618 1601 corpus
645 1552 762 1589 ullum
784 1552 945 1600 reperiri,
965 1558 1002 1587 et
1030 1560 1157 1587 servos
1179 1549 1353 1587 adhibitis
1373 1560 1457 1586 cru-

139 1619 296 1656 ciatibus
330 1618 495 1655 abnuere
525 1617 692 1661 caedem,
723 1628 846 1665 neque
876 1615 925 1652 illi
953 1615 1066 1652 fuisse
1095 1625 1278 1663 umquam
1306 1612 1457 1650 fratrem

141 1684 404 1733 pernotuisset‚
425 1682 527 1719 haud
547 1681 705 1718 multum
726 1682 774 1718 ab
794 1680 907 1717 exitio
932 1679 1043 1728 legati
1066 1679 1233 1716 aberant.
1289 1677 1457 1714 tn'bunos
1474 1683 1500 1714 4

89 1765 125 1796 ²5
141 1757 269 1786 tamen
298 1760 343 1785 ae
375 1747 607 1797 praesectum
640 1754 848 1783 castrorum
878 1752 1079 1788 extrusere,
1111 1743 1280 1780 sarcinae
1311 1740 1457 1790 fugien-

140 1814 233 1850 tium
262 1813 441 1861 direptae,
463 1818 500 1849 et
523 1811 691 1848 centurio
716 1809 879 1847 Lucilius
902 1809 1130 1853 interficitur,
1157 1807 1217 1844 cui
1239 1805 1457 1843 militaribus

141 1878 283 1915 facetiis
320 1877 548 1915 vocabulum
586 1875 706 1912 ‘cedo
745 1873 919 1911 alteram’
957 1872 1180 1917 indiderant,
1214 1872 1302 1920 quia
1339 1870 1458 1908 fracta

139 1943 211 1979 vite
240 1943 279 1979 in
304 1949 412 1989 tergo
437 1941 562 1977 militis
589 1940 744 1976 alteram
772 1938 872 1975 clara
899 1950 990 1975 voce
1014 1950 1059 1974 ac
1085 1947 1211 1973 rursus
1234 1935 1346 1972 aliam
1367 1946 1458 1985 pos·

141 2008 260 2045 cebat.
317 2014 461 2044 ceteros
490 2006 654 2042 latebrae
678 2012 816 2049 texere,
843 2015 921 2040 uno
950 2009 1095 2039 retento
1124 2001 1320 2039 Clemente
1349 1999 1458 2046 Iulio,
1477 2007 1499 2038 5

90 2089 127 2118 30
141 2072 206 2122 qui
251 2071 483 2121 perferendis
525 2070 683 2106 militum
724 2068 910 2105 mandatis
952 2067 1160 2104 habebatur
1206 2065 1367 2102 idoneus
1407 2065 1459 2102 ob

141 2144 362 2187 promptum
399 2136 605 2184 ingenium.
662 2135 753 2182 quin
785 2134 889 2181 ipsae
922 2132 1016 2168 inter
1050 2142 1090 2168 se
1123 2129 1293 2178 legiones
1325 2134 1500 2168 octavae

142 2210 179 2239 et
207 2202 337 2250 quinta
369 2200 529 2236 decuma
562 2198 700 2235 ferrum
731 2198 925 2245 parabant,
956 2196 1048 2232 dum
1082 2193 1342 2231 centurionem
1369 2204 1459 2240 cog-

142 2274 324 2304 nomento
349 2265 536 2314 Sirpicum
562 2262 623 2299 illa
651 2262 762 2298 morti
788 2261 969 2310 deposcit,
990 2257 1326 2309 quintadecumani
1353 2263 1460 2294 tuen-
