1612 2493
156 84 205 118 68
443 86 679 118 CORNELII
708 87 879 119 TACJTJ
902 88 1180 121 ANNALIOM
1256 82 1394 136 [nuc.
1412 90 1485 132 767.

159 200 356 228 numerum
387 190 673 240 stipendiorum,
703 202 800 239 quae
831 196 981 229 strenue
1011 191 1050 228 in
1078 191 1226 240 praeliis
1257 191 1418 237 fecisset,
1447 197 1485 228 et

159 255 220 290 cui
251 262 359 292 erant
387 255 490 292 dona
521 255 706 298 militaria,
736 255 882 292 edebat.
939 256 969 292 si
999 255 1149 300 tribuni,
1179 256 1210 293 si
1243 255 1343 305 legio
1375 255 1483 292 indu·
1502 262 1525 290 8

159 319 288 356 striam
328 319 661 368 innocentiamque
704 319 1019 368 adprobaverant,
1057 319 1242 357 retinebat
1283 319 1482 357 ordinem:

157 383 222 419 ubi
252 384 444 420 avaritiam
475 389 539 420 aut
567 383 826 420 crudelitatem
856 395 1046 421 consensu
1076 383 1377 429 obiectavissent‚
1408 383 1484 420 sol-

122 462 140 492 5
158 449 312 485 vebatur
330 448 474 485 militia.

211 517 280 551 45.
311 512 372 549 Sic
396 513 618 561 compositis
642 513 904 563 praesentibus
933 512 1035 550 haud
1056 512 1179 551 minor
1207 512 1327 550 moles
1356 525 1484 562 super-

157 583 236 614 erat
263 577 315 613 ob
343 576 522 614 ferociam
551 578 704 625 quintae
734 585 770 615 et
797 578 1118 632 unetvicensimae
1147 578 1354 627 legionum,
1375 589 1484 614 sexa·

156 642 371 689 gensimum
400 641 503 690 apud
532 642 698 690 lapidem
727 640 832 691 <loco
853 638 1163 680 Vetera'nomen
1191 642 1263 692 est)
1283 642 1483 679 hibernan-

156 706 259 742 tium.
335 717 424 742 nam
458 705 567 754 primi
606 705 830 743 seditionem
870 712 1163 755 coeptaverant:
1203 706 1523 743 atrocissimum2

106 770 335 819 mquodque
356 769 503 807 facinus
526 770 663 807 horum
688 771 863 808 manibus
883 778 1071 822 patratum
1086 783 1096 817 ;
1126 782 1197 808 nec
1225 782 1351 820 poena
1377 782 1483 807 com-

155 835 367 873 militonum
397 835 560 872 exterriti
589 847 662 872 nec
689 836 923 884 paenitentia
951 835 1123 873 conversi
1156 835 1230 872 iras
1260 834 1482 871 retinebant.

155 899 266 948 igitur
296 899 437 937 Caesar
468 911 573 936 arma
607 899 766 936 classem
801 901 926 937 socios
958 900 1153 951 demittere
1188 899 1327 936 Rheno
1364 907 1482 949 parat,
1501 904 1523 933 3

155 966 186 1002 si
209 965 408 1014 imperium
431 965 668 1009 detrectetur,
689 965 789 1002 bello
811 972 1028 1003 certaturus.
1048 974 1063 985 ’-

114 1026 162 1063 [f
207 1034 276 1068 46.
307 1030 359 1067 At
378 1029 528 1066 Romae
549 1029 722 1066 nondum
751 1031 918 1079 cognito,
938 1031 1001 1080 qui
1028 1031 1160 1069 fuisset
1185 1031 1308 1069 exitus
1333 1030 1373 1068 in
1393 1030 1483 1080 Illy-

105 1110 140 1140 ιε,
156 1095 245 1139 rico,
267 1100 303 1132 et
326 1094 520 1143 legionum
543 1093 854 1131 Germanicarum
885 1103 991 1133 motu
1021 1096 1162 1142 audito,
1182 1092 1329 1145 trepida
1355 1096 1483 1133 civitas

155 1160 327 1196 incusare
355 1159 550 1196 Tiberium
579 1159 694 1207 quod,
724 1158 815 1195 dum
845 1166 970 1208 patres
999 1167 1036 1197 et
1063 1160 1226 1209 plebem,
1255 1160 1417 1198 invalida
1446 1167 1483 1197 et

155 1224 321 1269 inermia,
347 1224 587 1260 cunctatione
617 1224 704 1260 ficta
733 1223 956 1270 ludificetur,
986 1224 1168 1262 dissideat
1196 1224 1345 1261 interim
1375 1224 1483 1262 miles

156 1301 279 1338 neque
300 1289 462 1326 duorum
483 1287 781 1325 adulescentium
803 1289 977 1326 nondum
997 1289 1125 1327 adulta
1145 1289 1364 1327 auctoritate
1380 1301 1483 1327 com-

155 1354 267 1403 primi
283 1360 406 1402 queat.
462 1353 514 1390 ire
530 1353 655 1402 ipsum
676 1361 712 1391 et
727 1365 922 1403 opponere
943 1355 1182 1391 maiestatem
1204 1354 1482 1403 imperatoriam
1502 1365 1523 1393 2

105 1433 144 1454 20
158 1418 332 1455 debuisse
361 1418 535 1462 cessuris,
565 1418 628 1454 ubi
658 1419 871 1468 principem
899 1418 1016 1468 longa
1045 1419 1278 1468 experientia
1302 1418 1483 1456 eundem-

157 1494 230 1531 que
260 1481 466 1520 severitatis
495 1488 532 1518 et
560 1483 842 1535 munificentiae
873 1494 1065 1520 summurn
1085 1483 1276 1520 vidissent.
1333 1494 1382 1520 an
1405 1483 1482 1519 Au·
1502 1493 1523 1522 3

156 1555 310 1595 gustum
330 1546 426 1583 fessa
446 1552 568 1583 aetate
588 1547 728 1584 totiens
748 1547 784 1583 in
807 1546 1033 1584 Germanias
1054 1558 1271 1584 commeare
1295 1546 1483 1596 potuisse:

156 1611 354 1649 Tiberium
374 1611 564 1660 vigentem
579 1611 700 1648 «annis
727 1611 857 1648 sedere
878 1612 917 1648 in
938 1618 1082 1657 senatu,
1103 1613 1217 1649 verba
1243 1618 1393 1661 patrum
1421 1624 1482 1648 ca-

156 1676 375 1713 villantem?
430 1676 519 1713 satis
557 1684 801 1725 prospectum
840 1677 1005 1714 urbanae
1043 1676 1228 1714 servituti:
1267 1676 1525 1714 militaribus4

108 1757 144 1788 ²5
160 1741 293 1778 animis
313 1740 528 1777 adhibenda
548 1740 727 1786 fomenta,
748 1749 788 1777 ut
808 1740 901 1779 ferre
921 1753 1055 1790 pacem
1075 1741 1261 1783 velinms

210 1810 278 1845 47.
308 1804 503 1842 Inmotum
542 1805 721 1842 adversus
760 1817 825 1843 eos
863 1817 1061 1843 sermones
1099 1805 1293 1856 fixumque
1325 1806 1483 1844 Tiberio

159 1870 225 1907 suit
244 1882 323 1907 non
344 1870 515 1907 omittere
545 1876 659 1919 caput
687 1882 812 1907 rerum
836 1882 960 1920 neque
984 1881 1023 1907 se
1049 1882 1205 1920 remque
1232 1871 1425 1920 publicam
1445 1872 1483 1907 in

158 1947 289 1972 casum
310 1934 410 1974 dare.
467 1934 584 1971 multa
604 1935 744 1984 quippe
772 1940 808 1972 et
828 1934 973 1972 diversa
996 1935 1212 1983 angebant:
1240 1935 1397 1972 validior
1417 1948 1484 1984 per
1501 1946 1523 1974 2

159 1999 405 2037 Germaniam
434 2000 631 2045 exercitus,
652 1999 807 2048 propior
834 1999 935 2048 apud
964 1999 1231 2046 Pannoniam;
1262 1999 1322 2036 ille
1344 1998 1484 2037 Gallia-

108 2081 147 2111 30
160 2076 243 2101 rum
262 2064 399 2113 opibus
427 2065 620 2109 subnixus,
641 2063 701 2101 hic
725 2064 853 2101 Italiae
878 2064 1089 2102 inminens:
1118 2076 1215 2113 quos
1239 2064 1350 2113 igitur
1378 2071 1486 2102 ante-

159 2129 298 2177 ferret?
354 2139 400 2165 ac
434 2140 481 2165 ne
511 2129 710 2178 postpositi
748 2129 978 2166 contumelia
1008 2129 1310 2168 incenderentur.
1343 2135 1381 2166 at
1417 2139 1524 2179 per3

159 2193 256 2230 filios
279 2193 416 2242 pariter
444 2193 536 2230 adiri
559 2194 755 2231 maiestate
782 2194 893 2240 salva,
915 2193 974 2231 cui
995 2193 1116 2231 maior
1140 2205 1160 2230 e
1185 2193 1399 2243 longinquo
1428 2206 1483 2231 re·

160 2259 336 2296 verentia.
394 2258 504 2296 simul
534 2259 840 2296 adulescentibus
871 2265 1094 2296 excusatum
1124 2258 1314 2308 quaedam
1343 2258 1389 2296 ad
1418 2265 1521 2308 pat-4
