1612 2493
142 98 308 154 A.n.14.]
543 105 695 138 LIBER
723 106 754 137 J.
796 104 895 137 CAP.
926 112 1068 148 44-49·
1420 105 1468 151 69

143 215 238 246 trem
264 206 415 253 reicere,
434 207 718 257 resistentisque
739 207 970 245 Germanico
998 213 1062 244 aut
1091 205 1216 243 Druso
1235 217 1351 255 posse
1380 218 1402 242 a
1429 217 1469 242 se

142 272 301 322 mitigari
329 271 386 310 vel
414 271 592 321 infringi:
629 271 733 322 quod
761 271 862 309 aliud
890 271 1109 316 subsidium,
1139 270 1169 307 si
1201 271 1468 319 imperatorem

100 342 122 372 5
142 336 398 384 sprevissent?
453 343 622 375 ceterum
636 334 696 374 ³'ut
728 336 803 373 iam
841 335 993 385 iamque
1025 336 1142 373 iturus
1173 335 1265 383 legit
1298 334 1467 378 comites,

141 400 365 448 conquisivit
392 399 675 449 impedimenta,
696 399 892 436 adornavit
921 411 1059 437 naves:
1088 411 1180 436 mox
1209 398 1374 435 hiemem
1403 404 1467 434 aut

141 464 295 512 negotia
314 464 413 502 varie
442 470 618 501 causatus
647 463 771 513 primo
795 462 1013 512 prudentes,
1035 463 1123 501 dein
1151 463 1319 512 vulgum,
1339 461 1467 500 diutis-
1485 476 1502 507 5

141 528 235 566 sime
254 528 469 577 provincias
489 527 627 566 fefellit.

193 595 263 629 48.
293 592 345 629 At
369 591 631 638 Germanicus,
652 604 885 642 quamquam
915 598 1110 630 contracto
1140 592 1306 630 exercitu
1335 597 1372 628 et
1399 602 1467 640 pa-

139 663 219 694 rata
247 657 285 693 in
314 656 524 695 defectores
553 656 709 701 ultione,
738 656 909 693 dandum
939 657 1062 694 adhuc
1094 658 1259 707 spatium
1291 663 1404 700 ratus,
1435 655 1465 692 si

139 721 280 759 recenti
314 720 490 769 exemplo
524 720 595 757 sibi
627 720 698 768 ipsi
732 720 984 766 consulerent,
1015 721 1219 770 praemittit
1249 721 1390 758 litteras
1417 720 1466 757 ad

139 784 504 838 Caecinamsvenire
530 797 569 822 se
591 784 714 821 valida
740 796 856 822 manu
880 797 936 831 ac,
966 785 1004 822 ni
1027 785 1255 835 supplicium
1278 785 1317 822 in
1343 784 1465 821 malos
1484 799 1522 820 ιο

95 857 391 898 2praesumant‚
421 861 575 887 usurum
612 849 804 898 promisca
841 849 971 888 caede.
1027 861 1092 887 eas
1125 849 1293 888 Caecina
1331 848 1465 898 aquili-

137 914 224 952 feris
252 913 512 962 signiferisque
541 919 578 950 et
601 912 706 962 quod
732 913 899 950 maxime
928 920 1139 951 castrorum
1173 914 1361 951 sincerum
1388 920 1466 951 erat

136 977 283 1016 occulte
313 977 454 1024 recitat,
483 984 599 1027 utque
628 985 787 1016 cunctos
818 977 1007 1025 infamiae,
1037 990 1078 1016 se
1106 978 1211 1027 ipsos
1243 979 1355 1016 morti
1385 978 1464 1015 exi-

136 1049 242 1080 mant
269 1042 454 1080 hortatur:
486 1054 576 1079 nam
605 1042 643 1079 in
671 1054 766 1091 pace
795 1054 929 1079 causas
958 1048 995 1079 et
1024 1043 1158 1080 merita
1186 1043 1368 1092 spectari;
1397 1042 1462 1079 ubi

97 1115 118 1144 3
136 1104 276 1142 bellum
295 1104 454 1153 ingruat,
475 1104 700 1141 innocentes
720 1116 764 1142 ac
785 1104 922 1141 noxios
942 1104 1044 1141 iuxta
1065 1104 1213 1142 cadere.
1269 1104 1320 1141 illi
1340 1111 1460 1153 temp·
1480 1120 1514 1150 15

136 1169 221 1206 tatis
253 1180 350 1219 quos
387 1168 548 1206 idoneos
586 1169 773 1220 rebantur,
803 1175 1008 1218 postquam
1046 1169 1229 1207 maiorem
1269 1169 1461 1219 legionum

135 1240 282 1284 partem
309 1234 347 1270 in
369 1232 501 1271 officio
530 1233 664 1277 vident,
686 1233 733 1271 de
758 1234 942 1271 sententia
968 1233 1080 1283 legati
1106 1240 1273 1272 statuunt
1297 1240 1460 1284 tempus,

134 1310 212 1348 quo
241 1298 502 1337 foedissimum
532 1310 723 1348 quemque
752 1306 788 1336 et
821 1299 996 1350 seditioni
1025 1297 1373 1349 promptum⁶ferro
1405 1300 1462 1336 in·

92 1375 117 1403 4
136 1363 285 1401 vadant.
340 1370 430 1402 tunc
472 1363 582 1413 signo
619 1363 716 1400 inter
746 1375 786 1401 se
821 1363 910 1401 dato
947 1364 1168 1414 inrumpunt
1199 1364 1459 1410 contubernia,

135 1429 322 1467 trucidant
352 1429 517 1478 ignaros,
551 1428 655 1466 nullo
684 1428 755 1466 nisi
792 1428 954 1467 consciis
985 1437 1168 1468 noscente
1199 1429 1303 1480 quod
1334 1430 1462 1468 caedis
1478 1444 1517 1466 20

137 1494 293 1539 initium,
313 1495 398 1543 quis
418 1494 517 1531 finis.

187 1563 260 1598 49.
288 1558 446 1598 Diversa
488 1559 672 1606 omnium,
712 1573 810 1610 quae
852 1573 1038 1611 umquam
1080 1561 1262 1607 accidere,
1301 1561 1464 1599 civilium

94 1634 116 1663 2
134 1636 326 1662 armorum
354 1623 480 1662 facies.
538 1637 618 1662 non
646 1626 804 1674 proelio,
825 1638 904 1664 non
924 1627 1090 1665 adversis
1116 1640 1138 1664 e
1164 1628 1306 1673 castris,
1328 1626 1395 1664 sed
1415 1626 1463 1663 is·

135 1689 222 1727 dem
242 1701 263 1726 e
283 1690 476 1735 cubilibus,
499 1702 596 1740 quos
619 1689 731 1728 simul
751 1691 935 1729 vescentis
964 1692 1056 1737 dies,
1079 1692 1188 1730 simul
1209 1692 1357 1742 quietos
1384 1703 1462 1728 nox

134 1754 331 1800 habuerat,
351 1754 552 1793 discedunt
580 1756 619 1793 in
645 1762 782 1805 partes,
804 1756 979 1806 ingerunt
1005 1757 1089 1795 tela.
1147 1758 1290 1795 clamor
1310 1756 1463 1794 vulnera
1479 1772 1492 1792 2
1498 1771 1515 1802 5

94 1828 115 1857 3
135 1819 288 1868 sanguis
310 1819 448 1867 palam,
475 1832 590 1857 causa
618 1820 657 1857 in
685 1821 863 1867 occult0;
893 1829 1019 1859 cetera
1044 1822 1121 1860 fors
1150 1822 1254 1871 regit.
1311 1828 1348 1859 et
1380 1822 1463 1870 qui-

134 1883 223 1921 dam
245 1884 435 1922 bonorum
465 1885 577 1932 caesi,
606 1891 812 1935 postquam
839 1886 1029 1925 intellecto
1057 1888 1096 1924 in
1126 1899 1220 1936 quos
1250 1887 1462 1931 saeviretur,

134 1948 287 1998 pessimi
307 1961 463 1999 quoque
483 1961 589 1987 arma
609 1958 821 1999 rapuerant.
879 1963 1004 2001 neque
1025 1952 1171 2001 legatus
1199 1960 1263 1990 aut
1292 1952 1462 1990 tribunus

134 2013 351 2052 moderator
379 2013 522 2053 adfuit:
550 2015 736 2064 permissa
754 2015 869 2064 vulgo
899 2016 1049 2054 licentia
1077 2023 1190 2067 atque
1219 2017 1310 2055 ultio
1338 2023 1376 2054 et
1404 2029 1462 2054 sa-

91 2089 114 2117 4
134 2079 250 2117 tietas.
305 2091 397 2117 mox
430 2080 622 2129 ingressus
663 2087 786 2118 castra
818 2080 1083 2128 Germanicus,
1115 2094 1196 2119 non
1229 2082 1459 2120 medicinam
1475 2097 1516 2127 30

133 2142 223 2180 illud
252 2143 423 2193 plurimis
460 2157 548 2182 cum
577 2143 742 2183 lacrimis
772 2146 841 2184 sed
874 2146 1024 2184 cladem
1057 2146 1266 2196 appellans,
1300 2147 1460 2185 cremari

134 2219 295 2257 corpora
327 2208 440 2246 iubet.

89 2283 112 2313 5
187 2271 333 2311 Truces
353 2273 465 2311 etiam
489 2280 569 2311 tum
595 2274 744 2313 animos
773 2275 912 2325 cupido
932 2275 1073 2314 involat
1100 2276 1214 2314 eundi
1236 2276 1275 2314 in
1294 2275 1457 2322 hostem,
