1612 2493
140 90 217 116 Μ).
239 72 305 130 14]
538 83 692 114 LIBER
719 83 749 115 l.
790 82 889 114 CAP.
918 86 1057 126 17-21.
1411 87 1459 125 55

98 196 118 224 3
140 186 232 236 cipis
266 197 374 224 curas
408 185 566 223 onerari.
623 185 654 223 si
686 192 814 223 tamen
847 185 1044 223 tenderent
1075 186 1114 223 in
1147 198 1243 235 pace
1276 193 1459 235 temptare

139 263 235 300 quae
266 263 314 288 ne
343 250 505 288 civilium
534 250 688 299 quidem
721 249 905 287 bellorum
938 251 1098 288 victores
1132 251 1459 299 expostulaverint,

74 315 96 367 [ἓ
139 327 206 353 cur
225 322 360 352 contra
386 327 533 352 morem
555 313 739 364 obsequii,
760 321 894 351 contra
918 314 974 351 fas
999 314 1219 364 disciplinae
1240 316 1315 351 vim
1339 315 1460 352 medi-

93 368 96 374 ’
138 379 288 417 tentur?
318 378 564 416 decernerent
601 378 746 427 legatos
785 390 901 427 seque
935 391 1062 417 coram
1101 378 1281 416 mandata
1315 378 1457 416 darent.

98 457 121 486 4
139 443 399 481 adclamavere
421 450 462 480 ut
487 443 584 480 filius
610 442 734 480 Blaesi
762 443 932 480 tribunus
954 442 1144 492 legatione
1173 454 1218 480 ea
1245 442 1462 491 fungeretur
1479 459 1493 488 5

138 515 357 559 peteretque
397 508 575 545 militibus
616 506 838 544 missionem
877 507 926 544 ab
964 507 1130 545 sedecim
1169 508 1303 545 annis:
1339 513 1463 545 cetera

97 583 120 612 5
140 572 396 617 mandaturos,
416 573 480 610 ubi
505 572 626 621 prima
650 571 923 620 provenissent.
979 572 1152 621 profecto
1179 572 1312 609 iuvene
1336 571 1460 608 modi-

139 649 226 675 cum
265 637 408 674 otium:
445 637 511 674 sed
549 636 741 685 superbire
774 635 893 681 miles,
924 636 1028 685 quod
1062 635 1159 673 filius
1193 636 1305 684 legati
1337 641 1464 673 orator

46 730 51 744 ,
92 733 93 739 ,
138 701 312 751 publicae
351 713 488 739 causae
522 709 611 739 satis
644 700 860 738 ostenderet
893 701 1116 739 necessitate
1150 712 1332 750 expressa
1365 712 1462 749 quae

89 756 92 785 f
139 778 208 816 per
232 765 458 804 modestiam
485 777 566 803 non
595 765 858 803 obtinuissent.
1480 780 1515 801 ιο

193 835 263 869 20.
292 830 440 868 Interea
458 829 641 879 manipuli
664 835 751 866 ante
772 836 948 878 coeptam
969 829 1194 867 seditionem
1218 829 1462 879 Nauportum

139 895 243 933 missi
272 896 322 934 ob
350 895 482 933 itinera
509 900 546 931 et
573 901 708 943 pontes
731 901 768 931 et
792 894 884 931 alios
910 906 1011 941 usus,
1039 903 1245 943 postquam
1272 895 1461 932 turbatum

139 959 178 1013 in
211 960 339 997 castris
371 971 565 1008 accepere,
596 958 730 996 vexilla
763 959 980 996 convellunt
1013 959 1243 1007 direptisque
1277 959 1461 1008 proximis

138 1024 229 1062 vicis
271 1023 430 1074 ipsoque
469 1022 680 1072 Nauporto,
720 1023 823 1072 quod
867 1023 1061 1072 municipii
1099 1023 1216 1060 instar
1252 1030 1341 1067 erat,
1379 1023 1463 1060 reti-

139 1088 263 1126 nentis
291 1088 531 1130 centuriones
554 1087 669 1129 inrisu
691 1094 726 1124 et
752 1087 1001 1132 contumeliis,
1027 1094 1222 1136 postremo
1245 1088 1462 1125 verberibus
1480 1103 1514 1133 15

138 1154 379 1198 insectantur,
422 1153 630 1201 praecipua
671 1152 711 1189 in
754 1152 998 1189 Aufidienum
1043 1151 1188 1189 Rufum
1232 1152 1464 1201 praefectum

139 1225 347 1256 castrorum
390 1217 455 1262 ira,
494 1229 610 1266 quem
655 1217 852 1266 dereptum
895 1216 1068 1254 vehiculo
1113 1204 1268 1254 sarcinis
1306 1223 1464 1265 gravant

138 1290 328 1333 aguntque
367 1282 492 1331 primo
535 1282 574 1319 in
615 1283 779 1331 agmine,
817 1293 885 1331 per
926 1281 1127 1318 ludibrium
1165 1282 1373 1330 rogitantes
1414 1293 1463 1318 an

138 1354 217 1385 tam
262 1347 450 1384 immensa
496 1358 624 1391 onera,
667 1353 746 1383 tam
793 1346 910 1395 longa
956 1347 1089 1383 itinera
1136 1346 1295 1384 libenter
1341 1346 1464 1384 ferret.

97 1412 278 1462 2quippe
312 1411 435 1449 Rufus
472 1411 535 1449 diu
567 1411 823 1460 manipularis,
859 1411 946 1448 dein
986 1410 1169 1457 centurio,
1204 1423 1295 1448 mox
1331 1411 1462 1449 castris
1478 1427 1517 1448 20

138 1468 359 1526 praefectus,
399 1476 593 1526 antiquam
641 1476 852 1525 duramque
892 1475 1061 1512 militiam
1103 1476 1316 1522 revocabat,
1355 1484 1462 1514 vetus

137 1542 262 1592 operis
291 1554 335 1579 ac
365 1541 502 1578 laboris
532 1547 568 1578 et
598 1553 644 1578 eo
673 1540 853 1586 inmitior,
884 1541 973 1589 quia
1002 1540 1235 1578 toleraverat.

191 1608 251 1641 21.
282 1603 435 1640 Horum
463 1602 625 1640 adventu
653 1603 926 1652 redintegratur
955 1602 1100 1646 seditio,
1121 1609 1158 1639 et
1186 1602 1271 1651 vagi
1301 1602 1461 1640 circum-

97 1668 233 1708 2iecta
261 1667 551 1717 populabantur.
607 1667 765 1705 Blaesus
796 1679 953 1716 paucos,
979 1667 1145 1704 maxime
1175 1667 1316 1716 praeda
1345 1679 1462 1705 onus-

138 1740 208 1779 toa
238 1733 284 1771 ad
313 1739 494 1770 terrorem
523 1739 734 1770 ceterorum
763 1732 875 1770 adfici
903 1732 1131 1777 verberibus,
1162 1732 1285 1769 claudi
1313 1744 1462 1770 carcere
1480 1749 1515 1780 ²5

138 1799 262 1845 iubet3
299 1810 390 1835 narn
428 1798 541 1835 etiam
579 1804 660 1834 tum
697 1797 822 1846 legato
860 1809 883 1834 a
921 1797 1205 1834 centurionibus
1243 1804 1279 1834 et
1317 1797 1463 1846 optimo

99 1873 291 1913 3qu0que
334 1863 626 1912 manipularium
667 1863 880 1912 parebatur.
948 1862 998 1898 illi
1046 1861 1165 1899 obniti
1212 1861 1459 1907 trahentibus,

139 1939 315 1977 prensare
344 1927 666 1965 circumstantium
700 1938 836 1975 genua,
866 1926 964 1964 ciere
998 1925 1116 1963 modo
1147 1926 1304 1980 nornina
1333 1927 1464 1976 singu-

139 1992 272 2037 lorum,
300 1991 417 2030 modo
446 1991 653 2029 centuriam
683 1991 841 2040 quisque
871 1991 975 2028 cuius
1003 1990 1249 2040 manipularis
1279 1998 1368 2036 erat,
1400 2003 1463 2029 co-

139 2056 298 2102 hortem,
335 2055 537 2105 legionem,
575 2055 711 2093 eadem
758 2055 934 2093 omnibus
981 2055 1165 2092 inminere
1213 2055 1460 2094 clamitantes.
1477 2072 1516 2102 30

99 2132 123 2161 4
143 2117 254 2155 simul
281 2118 420 2166 probra
447 2117 485 2154 in
514 2117 681 2167 legatum
712 2117 918 2163 cumulant,
949 2117 1096 2155 caelum
1129 2129 1173 2154 ac
1206 2117 1302 2155 deos
1335 2118 1464 2156 obtes-

141 2189 278 2227 tantur,
299 2182 390 2218 nihil
412 2182 542 2231 reliqui
562 2182 705 2220 faciunt
723 2194 800 2232 quo
820 2182 945 2220 minus
964 2182 1143 2219 invidiam
1164 2183 1461 2220 misericordiam

100 2260 123 2290 5
142 2255 284 2286 metum
310 2253 345 2285 et
368 2247 440 2284 iras
464 2253 738 2297 permoverent.
795 2247 1005 2285 adcurritur
1028 2247 1076 2285 ab
1100 2247 1292 2294 universis,
1323 2253 1463 2295 etbcar-
