1612 2493
112 74 277 130 A.n.14.]
504 81 658 112 LIBER
685 81 715 112 J.
756 79 856 111 CAP.
887 83 1030 122 37-41.
1383 73 1431 118 65

112 187 310 230 tutabatur,
330 197 375 222 ac
400 183 437 220 ni
463 183 632 233 aquilifer
651 182 875 231 Calpurnius
897 182 973 219 vim
1001 187 1208 218 extremam
1238 179 1429 224 arcuisset,

111 261 235 287 rarum
266 249 378 286 etiam
412 249 507 285 inter
536 247 675 292 hostes,
707 247 852 295 legatus
882 246 1013 295 populi
1046 245 1212 282 Romani
1243 244 1430 281 Romanis

71 321 95 350 8
112 315 147 351 in
174 314 302 351 castris
329 312 512 361 sanguine
539 324 608 349 suo
635 311 763 349 altaria
786 311 901 348 deum
925 309 1288 348 commaculavisset.
1346 308 1430 345 luce

112 379 278 422 demum,
311 385 516 427 postquam
549 376 625 413 dux
659 382 695 413 et
728 376 834 413 miles
868 382 904 413 et
936 376 1034 413 facta
1071 375 1342 418 noscebantur,
1376 373 1432 409 in-

111 454 262 491 gressus
290 449 411 479 castra
440 441 692 480 Germanicus
720 441 876 490 perduci
909 441 956 478 ad
989 453 1029 479 se
1059 440 1243 477 Plancum
1273 439 1432 487 imperat
1449 451 1465 482 5

69 517 91 544 9
111 507 326 557 recepitque
346 507 381 543 in
402 506 574 544 tribunal.
631 512 709 543 tum
737 505 887 543 fatalem
908 506 1110 554 increpans
1130 504 1285 548 rabiem,
1307 514 1431 552 neque

111 572 270 608 militurn
300 572 367 609 sed
396 571 508 609 deum
537 571 590 607 ira
619 583 824 619 resurgere,
854 583 919 608 cur
947 570 1117 607 venerint
1145 568 1258 618 legati
1290 567 1432 616 aperit;

111 637 167 673 ius
186 637 385 685 legationis
415 644 526 686 atque
557 635 674 684 ipsius
704 635 833 672 Planci
868 646 1020 683 gravem
1056 640 1092 672 et
1123 634 1337 670 inmeritum
1370 642 1432 668 ca-

112 713 207 745 sum,
229 700 339 738 simul
369 706 551 750 quantum
576 698 771 736 dedecoris
798 698 928 735 adierit
954 699 1065 747 legio,
1088 697 1250 735 facunde
1276 697 1432 733 misera-

110 771 180 809 tur,
201 765 431 814 attonitaque
451 764 571 813 magis
595 775 710 812 quam
731 763 858 811 quieta
879 763 1056 800 contione
1076 761 1222 812 legatos
1242 759 1431 811 praesidio
1450 774 1488 796 10

107 829 343 866 auxiliarium
374 829 544 877 equitum
575 826 734 865 dimittit.

165 896 236 930 40.
265 892 324 930 Eo
351 892 389 928 in
418 898 521 928 metu
552 903 710 940 arguere
741 890 1011 930 Germanicum
1045 904 1192 935 omnes,
1221 890 1325 941 quod
1354 902 1434 927 non

111 956 159 995 ad
193 957 423 1006 superiorem
455 956 661 994 exercitum
694 963 878 1006 pergeret,
913 959 977 995 ubi
1011 958 1194 1006 obsequia
1227 963 1264 993 et
1301 961 1433 993 eontra

110 1022 256 1059 rebellis
276 1022 475 1060 auxilium:
505 1022 594 1058 satis
615 1033 800 1070 superque
821 1022 1003 1060 missione
1024 1029 1060 1060 et
1085 1022 1249 1071 pecunia
1276 1028 1312 1058 et
1336 1020 1434 1058 mol-

69 1099 91 1128 2
110 1088 206 1124 libus
239 1087 418 1124 consultis
451 1094 664 1136 peccatum.
721 1087 780 1124 vel
809 1087 839 1124 si
868 1087 946 1124 vilis
975 1087 1046 1136 ipsi
1078 1087 1190 1132 salus,
1221 1098 1286 1123 cur
1315 1086 1430 1122 filium
1452 1101 1486 1132 15

110 1152 316 1201 parvulum,
347 1163 415 1188 cur
443 1151 637 1200 gravidam
677 1151 880 1199 coniugem
912 1152 1008 1189 inter
1038 1151 1204 1189 furentes
1238 1158 1274 1188 et
1307 1150 1432 1188 omnis

109 1216 264 1253 humani
300 1215 388 1253 iuris
425 1215 627 1252 violatores
664 1215 846 1253 haberet?
902 1216 985 1253 illos
1023 1216 1155 1253 saltem
1193 1227 1265 1252 avo
1307 1221 1343 1252 et
1381 1215 1432 1252 rei

69 1294 90 1322 3
110 1281 283 1330 publicae
311 1279 493 1318 redderet.
550 1281 613 1317 diu
637 1287 835 1318 cunctatus
862 1290 1129 1330 aspernantem
1152 1292 1323 1326 uxorem,
1344 1292 1432 1318 cum

110 1357 151 1384 se
185 1346 271 1383 divo
302 1346 479 1395 Augusto
513 1353 636 1383 ortam
669 1357 793 1394 neque
825 1346 1054 1394 degenerem
1088 1346 1136 1383 ad
1164 1345 1330 1395 pericula
1359 1352 1433 1382 tes-

110 1416 259 1456 taretur,
292 1417 488 1460 postremo
521 1417 669 1447 uterum
702 1411 781 1447 eius
815 1417 851 1448 et
884 1421 1129 1447 communem
1160 1409 1277 1446 filium
1310 1409 1431 1448 multo
1447 1423 1487 1447 πο

70 1490 94 1520 4
113 1487 200 1513 cum
233 1474 324 1512 fletu
353 1474 587 1523 complexus,
618 1482 657 1511 ut
691 1475 808 1512 abiret
839 1475 1011 1524 perpulit.
1066 1475 1266 1512 incedebat
1299 1474 1434 1511 mulie-

111 1541 177 1577 bre
205 1546 241 1577 et
268 1539 477 1577 miserabile
500 1551 648 1589 agmen,
673 1539 837 1588 profuga
865 1539 971 1576 ducis
994 1551 1102 1584 uxor,
1126 1539 1322 1588 parvulum
1347 1539 1432 1576 sinu

110 1604 225 1642 filium
255 1615 402 1653 gerens,
425 1603 676 1642 lamentantes
705 1604 845 1641 circum
873 1604 1083 1641 amicorum
1112 1603 1305 1652 coniuges,
1334 1615 1432 1653 quae

110 1668 220 1706 simul
248 1668 502 1714 trahebantur,
531 1681 602 1706 nec
631 1669 755 1706 minus
784 1669 904 1706 tristes
934 1669 997 1717 qui
1027 1669 1243 1706 manebant.

162 1737 224 1771 41.
255 1732 346 1771 Non
375 1733 541 1771 florentis
569 1733 743 1772 Caesaris
769 1745 893 1783 neque
916 1734 991 1770 suis
1016 1733 1055 1770 in
1083 1734 1225 1778 castris,
1248 1740 1304 1770 set
1332 1733 1485 1780 velut25

108 1797 148 1835 in
176 1798 267 1836 urbe
294 1799 392 1836 victa
421 1798 557 1846 facies;
586 1799 824 1849 gemitusque
852 1811 896 1836 ac
925 1799 1100 1848 planctus
1128 1798 1240 1835 etiam
1271 1799 1431 1836 militum

71 1874 219 1902 2aures
256 1875 397 1912 oraque
435 1864 652 1902 advertere:
689 1856 982 1914 progrediuntur
1024 1863 1290 1901 contuberniis.
1350 1865 1433 1913 quis

110 1928 169 1965 ille
193 1927 325 1966 flebilis
349 1929 494 1965 sonus?
547 1928 652 1977 quod
683 1935 758 1966 tam
783 1928 912 1966 triste?
962 1928 1122 1966 feminas
1146 1929 1331 1973 inlustres,
1353 1941 1433 1966 non

111 1993 368 2031 centurionem
414 1994 463 2031 ad
501 1994 669 2040 tutelam,
707 2005 786 2031 non
825 1994 991 2038 militem,
1032 1994 1121 2031 nihil
1169 1994 1433 2044 imperatoriae

109 2058 240 2095 uxoris
273 2065 335 2096 aut
368 2059 569 2097 comitatus
602 2059 722 2097 soliti:
755 2071 912 2108 pergere
946 2058 995 2096 ad
1031 2058 1221 2097 Treveros
1257 2055 1328 2112 [et]
1366 2071 1433 2096 exa
1448 2075 1489 2105 50

69 2128 238 2163 3ternae
270 2122 368 2161 fidei.
421 2124 545 2173 pudor
577 2123 664 2160 inde
697 2130 733 2161 et
771 2123 959 2161 miseratio
998 2129 1034 2161 et
1070 2124 1187 2173 patris
1225 2122 1431 2172 Agrippae,

109 2187 272 2236 Augusti
301 2187 357 2224 avi
386 2188 583 2234 memoria,
607 2200 716 2226 socer
742 2187 900 2235 Drusus,
920 2189 1003 2237 ipsa
1025 2188 1165 2237 insigni
1194 2187 1431 2233 fecunditate,

113 2251 306 2302 praeclara
335 2252 537 2302 pudicitia;
567 2253 643 2290 iarn
673 2253 798 2291 infans
827 2254 866 2291 in
896 2253 1028 2292 castris
1056 2254 1206 2303 genitus
1234 2253 1272 2290 in
1302 2260 1434 2291 contu-

763 2331 785 2356 F
