1612 2493
146 112 194 148 54
417 103 652 136 CORNELJJ
682 103 739 134 TA
749 103 849 134 CJTl
875 102 1151 134 ANNALJUM
1231 94 1368 148 [A.u.c.
1391 101 1464 144 767·

147 219 214 256 per
241 218 383 244 nornen
413 219 590 256 agrorum
617 206 776 257 uligines
803 205 984 255 paludum
1012 206 1070 242 vel
1103 205 1242 243 inculta
1273 206 1463 243 montium

147 272 346 321 accipiant.
404 273 595 309 enimvero
628 271 798 308 militiam
827 271 949 319 ipsam
977 282 1141 319 gravem,
1170 270 1463 309 infructuosam:
1483 278 1506 307 6

149 336 255 374 denis
293 337 331 373 in
364 337 464 373 diem
497 336 642 373 assibus
676 336 842 372 animam
875 341 912 371 et
944 346 1083 383 corpus
1120 335 1332 373 aestimari:
1372 335 1460 373 hinc

147 407 289 438 vestem
317 413 421 438 arma
451 400 620 446 tentoria,
649 399 738 437 hinc
769 399 960 436 saevitiam
994 399 1256 436 centurionum
1289 407 1326 437 et
1353 412 1465 437 vaca-

113 481 128 511 5
148 466 269 502 tiones
312 477 512 502 munerum
553 464 697 502 redimi.
762 471 799 501 at
839 463 990 501 hercule
1031 464 1186 501 verbera
1221 470 1259 501 et
1298 464 1505 508 vulneram

150 529 283 567 duram
314 530 489 574 hiemem,
514 530 697 567 exercitas
723 535 895 574 aestates,
919 528 1057 565 bellum
1081 535 1187 565 atrox
1215 535 1280 566 aut
1304 529 1466 566 sterilem

147 606 282 643 pacem
320 595 559 644 sempiterna.
615 606 685 631 nec
722 593 822 630 aliud
858 592 1111 632 levamentum
1145 605 1260 641 quam
1291 594 1322 630 si
1355 594 1464 631 certis
1487 599 1510 627 8

148 659 218 695 sub
250 658 394 707 legibus
425 658 555 694 militia
592 657 756 702 iniretur,
787 663 828 694 ut
861 656 1030 705 singulos
1062 656 1235 694 denarios
1268 663 1468 702 mererent,

147 730 274 760 sextus
304 723 486 760 decumus
510 721 684 770 stipendii
712 733 834 758 annus
858 720 974 758 finem
1002 719 1171 764 adferret,
1197 732 1244 757 ne
1273 720 1370 757 ultra
1399 721 1469 757 sub

101 804 137 825 ιο
150 788 291 824 vexillis
325 794 550 830 tenerentur,
577 786 643 822 sed
675 786 797 822 isdem
827 785 863 821 in
892 785 1023 823 castris
1060 785 1271 834 praemium
1308 785 1470 834 pecunia

150 853 362 890 solveretur.
418 864 467 889 an
496 850 701 901 praetorias
727 850 914 894 cohortes,
942 861 1039 898 quae
1070 849 1180 886 binos
1207 849 1378 887 denarios
1407 861 1468 886 ac·
1487 856 1510 886 9

150 917 327 966 ceperint,
353 928 450 965 quae
478 921 566 965 post
591 914 757 952 sedecim
784 925 907 950 annos
930 914 1129 963 penatibus
1153 914 1229 951 suis
1254 914 1468 958 reddantur,

150 981 233 1030 plus
275 981 527 1031 periculorum
561 979 772 1028 suscipere?
820 990 899 1016 non
932 978 1133 1016 obtrectari
1170 990 1192 1014 a
1230 990 1269 1016 se
1307 979 1471 1015 urbanas
1489 988 1533 1016 10

150 1046 354 1083 excubias:
394 1044 464 1082 sibi
500 1051 629 1081 tamen
667 1042 768 1092 apud
801 1041 973 1081 horridas
1002 1032 1135 1091 gentes
1167 1055 1189 1080 e
1219 1042 1472 1081 contuberniis

103 1128 112 1148 ι
120 1129 136 1158 5
152 1111 300 1149 hostem
321 1109 449 1159 aspici.
495 1104 521 1118 Χ

205 1180 267 1213 18.
295 1175 551 1223 Adstrepebat
579 1173 723 1223 vulgus,
747 1172 900 1210 diversis
924 1172 1187 1217 incitamentis,
1211 1168 1250 1208 h'i
1275 1172 1470 1209 verberum

152 1249 273 1286 notas,
297 1241 345 1277 illi
369 1240 554 1285 canitiem,
575 1239 724 1289 plurimi
755 1238 887 1276 detrita
908 1238 1077 1287 tegmina
1103 1244 1140 1275 et
1162 1237 1308 1274 nudum
1332 1247 1471 1285 corpus

153 1307 435 1355 exprobrantes.
494 1312 688 1354 postremo
717 1315 764 1341 eo
793 1302 925 1339 furoris
954 1315 1099 1348 venere,
1129 1308 1170 1339 ut
1201 1287 1275 1338 tres
1304 1301 1472 1348 legiones
1492 1309 1512 1337 2

155 1372 310 1408 miscere
333 1370 371 1406 in
397 1382 513 1407 unam
534 1369 763 1418 agitaverint.
819 1367 963 1417 depulsi
993 1367 1254 1416 aemulatione,
1275 1366 1364 1416 quia
1383 1377 1472 1402 suae
1494 1373 1514 1402 3

105 1452 144 1474 20
157 1437 314 1486 quisque
344 1434 481 1484 legioni
500 1446 588 1471 eum
617 1433 801 1471 honorem
821 1433 1066 1482 quaerebant,
1090 1432 1163 1469 alio
1191 1437 1338 1469 vertunt
1363 1436 1475 1479 atque

155 1513 231 1538 una
253 1508 327 1537 tres
353 1500 496 1549 aquilas
522 1506 559 1535 et
585 1499 692 1547 signa
715 1498 926 1536 cohortium
947 1498 1096 1544 locant3
1128 1496 1237 1533 simul
1263 1502 1474 1546 congerunt
1493 1505 1515 1533 4

156 1566 351 1614 caespites,
388 1571 584 1601 exstruunt
627 1562 799 1608 tribunal,
841 1574 918 1611 quo
961 1563 1084 1611 magis
1122 1561 1329 1611 conspicua
1365 1561 1476 1598 sedes

156 1630 262 1668 foret.
317 1629 606 1678 properantibus
636 1627 792 1664 Blaesus
825 1627 985 1672 advenit,
1016 1627 1310 1676 increpabatque
1343 1637 1387 1663 ac
1420 1638 1476 1663 re·
1496 1633 1517 1663 5

157 1694 299 1732 tinebat
319 1692 499 1742 singulos,
520 1692 716 1729 clamitans
737 1696 745 1712 ‘
761 1704 846 1729 mea
865 1692 989 1741 potius
1009 1691 1126 1729 caede
1146 1691 1299 1727 imbuite
1319 1701 1476 1727 manus:

109 1775 145 1806 ²5
161 1759 295 1796 leviore
326 1757 465 1807 flagitio
492 1757 658 1805 legatum
682 1757 910 1794 interficietis
937 1769 1053 1805 quam
1081 1758 1130 1793 ab
1159 1757 1382 1805 imperatore
1411 1754 1478 1791 de-

160 1823 328 1861 sciscitis.
369 1830 432 1859 aut
451 1822 650 1860 incolumis
670 1822 784 1859 fidem
805 1822 999 1870 legionum
1019 1821 1197 1865 retinebo,
1210 1828 1273 1857 aut
1292 1819 1479 1869 iugulatus
1497 1827 1520 1856 6

160 1887 428 1938 paenitentiam
449 1887 698 1925 adcelerabo.’

213 1957 278 1991 19.
311 1953 575 2001 Aggerabatur
618 1952 734 1988 nihilo
778 1951 904 1988 minus
947 1962 1102 1999 caespes
1141 1949 1293 1998 iamque
1334 1949 1480 1998 pectori

161 2030 281 2067 usque
317 2017 544 2061 adcreverat,
584 2029 672 2054 curn
715 2016 868 2053 tandem
909 2016 1120 2065 pervicacia
1160 2014 1244 2052 victi
1285 2014 1480 2062 inceptum

112 2099 153 2130 30
165 2083 336 2132 omisere.
392 2081 547 2118 Blaesus
570 2082 688 2118 multa
711 2081 861 2118 dicendi
884 2089 962 2118 arte
987 2092 1066 2118 non
1095 2091 1162 2129 per
1191 2079 1419 2116 seditionem
1446 2085 1481 2114 et
1500 2086 1521 2114 2

164 2149 291 2186 turbas
317 2146 503 2183 desideria
526 2146 685 2183 militurn
710 2146 758 2182 ad
779 2145 984 2183 Caesarem
1010 2144 1166 2181 ferenda
1190 2144 1250 2188 ait,
1271 2154 1395 2191 neque
1418 2154 1483 2178 ve-

165 2221 261 2250 teres
294 2212 341 2248 ab
374 2211 662 2259 imperatoribus
693 2210 823 2259 priscis
858 2221 980 2258 neque
1011 2210 1114 2257 ipsos
1143 2221 1165 2245 a
1194 2208 1279 2245 divo
1308 2209 1484 2256 Augusto

165 2285 241 2315 tam
271 2288 370 2315 nova
398 2277 600 2326 petivisse,
629 2284 666 2313 et
699 2286 831 2325 parum
866 2276 903 2311 in
933 2282 1102 2323 tempore
1131 2272 1353 2322 incipientes
1381 2272 1484 2322 prirr-
