1612 2493
170 109 218 145 70
440 103 680 136 CORNELII
707 104 879 136 TACJTJ
902 105 1176 136 ANNALJUM
1256 98 1308 152 [A.
1318 112 1393 138 uc.
1417 106 1488 145 767.

168 207 359 256 piaculum
381 207 514 245 furoris
527 220 536 254 ;
566 220 637 246 nec
662 207 767 245 aliter
788 219 901 257 posse
922 206 1062 256 placari
1083 207 1384 245 commilitonum
1407 221 1489 246 ma-

168 283 246 315 nes,
276 283 391 320 quam
420 272 450 309 si
478 272 692 321 pectoribus
721 271 845 320 impiis
873 270 1032 308 honesta
1060 271 1213 308 vulnera
1241 272 1487 321 accepissent.

167 336 332 384 sequitur
361 337 533 374 ardorem
567 336 727 373 militum
760 335 901 374 Caesar
932 335 1139 384 iunctoque
1171 343 1288 385 ponte
1323 338 1529 374 tramittite

167 399 369 437 duodecim
401 401 502 437 milia
535 412 555 437 e
592 400 815 449 legionibus,
855 411 922 437 sex
954 405 991 436 et
1022 399 1152 447 viginti
1192 400 1314 437 socias
1352 400 1489 437 cohor-

131 479 146 509 5
166 463 222 507 tis,
250 471 337 502 octo
366 464 535 513 equitum
563 464 653 510 alas,
683 475 842 514 quarum
871 475 916 500 ea
945 463 1129 501 seditione
1158 463 1378 501 intemerata
1406 477 1489 502 mo·

164 526 284 565 destia
302 527 379 565 fuit.

219 597 289 630 50.
321 592 426 629 Laeti
455 604 578 641 neque
612 592 744 642 procul
774 591 957 630 Germani
987 592 1190 641 agitabant,
1220 592 1311 629 dum
1349 582 1489 630 iustitio

140 693 144 698 ,
164 656 215 693 ob
235 657 417 692 amissum
437 657 664 706 Augustum,
686 663 774 706 post
793 657 991 694 discordiis
1018 657 1230 695 attinemur.
1285 665 1323 694 at
1345 656 1488 694 Roma-
1507 666 1529 696 2

164 732 235 758 nus
265 721 416 769 agmine
450 733 614 770 propero
644 721 776 758 silvam
810 721 988 760 Caesiam
1017 721 1253 771 limitemque
1282 734 1305 759 a
1333 722 1489 759 Tiberio

115 800 150 821 10
166 793 346 834 coeptum
381 786 527 829 scindit,
557 792 678 823 castra
711 787 749 823 in
783 787 898 824 limite
926 787 1036 830 locat,
1067 786 1232 823 frontem
1263 798 1307 824 ac
1341 792 1489 835 tergum

163 849 272 895 vallo,
293 849 410 887 latera
430 850 685 887 concaedibus
704 852 882 889 munitus.
938 852 1026 888 inde
1058 851 1172 888 saltus
1197 851 1380 888 obscuros
1405 863 1489 899 per·
1507 863 1528 891 3

163 921 264 951 meat
302 915 565 964 consultatque
604 927 652 952 ex
691 915 842 953 duobus
881 915 1073 953 itineribus
1113 917 1227 953 breve
1266 923 1302 953 et
1339 915 1489 954 solitum

163 986 339 1029 sequatur
359 992 407 1016 an
436 979 638 1028 inpeditius
657 987 694 1017 et
722 980 986 1029 intemptatum
1007 992 1129 1030 eoque
1159 980 1331 1018 hostibus
1360 980 1489 1017 incau-

164 1051 255 1081 tum.
328 1043 474 1080 delecta
520 1042 690 1092 longiore
738 1044 797 1080 via
848 1052 972 1081 cetera
1019 1045 1302 1082 adcelerantur:
1349 1043 1489 1081 etenim
1506 1055 1530 1084 4

114 1123 148 1155 ¹5
164 1107 364 1145 attulerant
390 1107 646 1156 exploratores
673 1107 805 1145 sestam
829 1121 913 1146 eam
935 1108 1137 1146 Germanis
1164 1116 1317 1145 noctem
1341 1120 1385 1145 ac
1415 1108 1489 1145 sol-

162 1172 350 1210 lemnibus
369 1173 488 1222 epulis
508 1173 701 1210 ludicram.
759 1172 925 1210 Caecina
946 1185 1031 1210 cum
1060 1173 1243 1222 expeditis
1270 1173 1486 1210 cohortibus
1506 1188 1526 1216 5

164 1237 305 1286 praeire
335 1244 371 1274 et
398 1238 588 1276 obstantia
618 1238 793 1274 silvarum
823 1238 968 1274 amoliri
999 1238 1166 1275 iubetur:
1208 1237 1376 1286 legiones
1405 1249 1488 1273 mo-

164 1303 249 1340 dico
269 1291 462 1340 inteivallo
491 1310 710 1352 sequuntur.
766 1303 856 1339 iuvit
880 1315 957 1339 nox
989 1303 1174 1339 sideribus
1203 1302 1377 1347 inlustris,
1398 1314 1487 1339 ven·
1505 1316 1528 1344 6

164 1375 318 1416 tumque
348 1367 396 1404 ad
425 1367 528 1405 vicos
559 1366 776 1404 Marsorum
806 1374 842 1404 et
871 1366 1125 1404 circumdatae
1154 1367 1337 1404 stationes
1366 1367 1491 1420 strjttis

112 1447 150 1468 20
162 1432 274 1469 etiam
305 1439 385 1469 tum
418 1444 486 1481 per
514 1432 650 1470 cubilia
679 1438 908 1481 propterque
937 1443 1100 1474 mensas,
1131 1431 1235 1467 nullo
1264 1438 1377 1476 metu,
1410 1443 1487 1468 non

163 1497 380 1546 antepositis
408 1495 564 1546 vigiliis:
594 1497 690 1533 adeo
720 1505 857 1533 cuncta
884 1495 1028 1533 incuria
1057 1496 1213 1534 disiecta
1237 1502 1342 1533 erant
1363 1507 1487 1545 neque
1504 1511 1524 1541 7

161 1563 247 1601 belli
275 1563 399 1609 timor,
427 1575 472 1600 ac
506 1575 553 1599 ne
583 1575 658 1612 pax
691 1562 848 1612 quidem
876 1563 947 1599 nisi
977 1562 1156 1611 languida
1183 1569 1220 1600 et
1248 1562 1371 1600 soluta
1393 1562 1489 1600 inter

162 1628 401 1666 temulentos,

216 1697 276 1731 51.
306 1692 448 1730 Caesar
487 1692 616 1729 avidas
656 1692 838 1741 legiones,
881 1703 959 1741 quo
997 1691 1108 1729 latior
1145 1691 1342 1741 populatio
1381 1691 1486 1736 foret,

111 1774 146 1804 ²5
163 1766 337 1807 quattuor
369 1757 406 1793 in
439 1769 581 1795 cuneos
615 1756 808 1806 dispertit;
849 1757 1124 1806 quinquaginta
1151 1757 1294 1793 milium
1325 1758 1488 1806 spatium

162 1822 258 1860 ferro
279 1822 514 1871 flammisque
535 1828 732 1871 pervastat.
789 1833 868 1858 non
893 1833 1017 1866 sexus,
1039 1833 1119 1857 non
1148 1828 1251 1857 aetas
1277 1821 1486 1858 miseratio·
1505 1831 1526 1859 2

161 1898 251 1923 nem
271 1886 411 1923 attulit:
441 1886 600 1936 profana
631 1886 741 1924 simul
761 1892 797 1923 et
817 1898 922 1923 sacra
942 1891 978 1922 et
998 1884 1285 1922 celeberrimum
1305 1885 1374 1922 illis
1393 1898 1487 1935 gen-

160 1951 260 1988 tibus
281 1951 462 2000 templum
482 1951 588 2000 quod
611 1950 825 1988 Tamfanae
845 1950 1035 1987 vocabant
1055 1949 1138 1987 solo
1158 1957 1376 1998 aequantur.
1406 1952 1486 1988 sine
1504 1962 1524 1990 3

161 2015 311 2052 vulnere
331 2016 476 2061 milites,
496 2016 560 2065 qui
589 2016 854 2060 semisomnos,
875 2015 1040 2051 inermos
1069 2020 1132 2050 aut
1155 2014 1316 2063 palantis
1342 2016 1487 2053 cecide-

108 2097 148 2126 30
163 2087 256 2118 rant.
310 2081 445 2118 excivit
473 2093 519 2118 ea
547 2080 683 2118 caedes
712 2079 926 2125 Bructeros,
950 2078 1160 2124 Tubantes,
1186 2077 1385 2128 Usipetes;
1416 2080 1527 2119 sal-4

162 2153 296 2194 tusque
319 2157 386 2194 per
411 2157 507 2194 quos
535 2144 714 2182 exercitui
743 2156 935 2193 regressus
959 2143 1141 2180 insedere.
1162 2135 1301 2195 quvod
1325 2157 1486 2193 gnarum

163 2211 260 2257 duci,
282 2210 506 2258 incessitque
527 2209 647 2246 itineri
668 2216 704 2246 et
723 2209 878 2258 proelio.
922 2220 1009 2257 pars
1030 2198 1197 2256 equitum
1217 2214 1254 2246 et
1273 2209 1485 2247 auxiliariae
1502 2220 1524 2249 5

163 2276 339 2314 cohortes
360 2275 562 2321 ducebant,
583 2287 674 2311 mox
697 2275 818 2324 prima
845 2274 954 2322 legio,
977 2280 1013 2310 et
1042 2273 1177 2311 mediis
1204 2273 1486 2322 impedimentis
