1612 2493
130 106 173 142 72
401 97 644 131 CORNELII
671 99 842 130 TACJTJ
866 99 1142 132 ΑΛἊἎΔΜΜ
1212 91 1264 147 [A.
1274 106 1350 132 uc.
1375 98 1446 141 763.

131 200 371 237 contumacia
399 206 435 238 et
458 200 556 238 odiis
580 201 618 237 in
643 200 818 238 maritum
838 201 1082 247 accendebat,
1103 200 1332 250 litteraeque,
1354 213 1448 251 quas

131 261 226 301 Iulia
245 265 341 313 patri
366 264 543 314 Augusto
564 277 652 303 cum
674 265 921 303 insectatione
941 265 1084 303 Tiberii
1106 266 1265 315 scripsit,
1284 278 1307 303 a
1327 265 1448 303 Grac-

129 327 203 365 cho
227 329 463 378 compositae
483 329 743 367 credebantur.
766 372 769 375 ⁴
800 331 910 380 igitur
928 336 1077 369 amotus
1097 329 1309 376 Cercinam,
1331 329 1448 367 Africi
1466 337 1490 366 6

130 392 242 429 maris
271 392 442 440 insulam,
473 394 774 444 quattuordecim
801 395 910 432 annis
939 395 1091 433 exilium
1122 393 1302 433 toleravit.
1357 400 1447 431 tunc
1466 401 1486 432 7

94 471 110 501 5
129 455 262 493 milites
291 457 338 494 ad
368 456 528 496 caedem
554 458 658 495 missi
680 458 856 496 invenere
884 460 922 496 in
951 459 1178 508 prominenti
1207 458 1336 503 litoris,
1356 457 1448 495 nihil

129 519 268 557 laetum
289 521 562 570 opperientem.
617 534 780 571 quorum
808 523 969 560 adventu
989 524 1099 561 breve
1128 530 1279 572 tempus
1306 522 1447 572 petivit,
1466 530 1490 558 8

129 590 170 621 ut
199 596 377 634 suprema
410 585 592 624 mandata
624 588 733 624 uxori
762 588 936 625 Alliariae
967 598 1035 635 per
1061 585 1199 622 litteras
1228 584 1344 631 daret,
1370 597 1448 622 cer·

129 647 324 697 vicemque
353 651 637 698 percussoribus
671 635 819 697 obtulit,
850 652 1063 690 constantia
1093 651 1223 689 mortis
1256 650 1359 688 haud
1391 650 1448 686 in-

129 711 266 761 dignus
287 712 514 762 Sempronio
535 715 716 754 nomine:
744 716 817 753 vita
837 716 1138 765 degeneraverat.
1193 715 1349 764 quidam
1368 726 1448 751 non
1465 722 1488 751 9

79 790 115 812 10
130 776 258 814 Roma
285 789 351 814 eos
380 778 525 823 milites,
545 780 614 817 sed
642 780 691 817 ab
716 779 759 818 L.
783 782 995 830 Asprenate
1023 792 1093 830 pro
1123 779 1278 818 consule
1297 777 1448 816 Africae

129 840 267 878 missos
288 841 474 879 tradidere
503 850 657 881 auctore
678 843 844 890 Tiberio,
866 845 930 894 qui
956 844 1097 882 famam
1117 844 1244 882 caedis
1269 854 1383 893 posse
1409 842 1449 879 in

128 905 384 954 Asprenatem
405 907 495 944 verti
515 907 648 945 frustra
668 916 890 957 speraverat.

183 973 250 1008 54.
280 969 389 1007 Idem
418 983 542 1009 annus
570 984 688 1010 novas
720 973 969 1011 caerimonias
998 973 1143 1022 accepit
1177 972 1305 1010 addito
1339 970 1449 1010 soda-

128 1034 219 1071 lium
247 1035 515 1084 Augustalium
543 1037 766 1082 sacerdodo,
790 1047 829 1074 ut
857 1039 1052 1088 quondam
1073 1039 1184 1076 Titus
1205 1037 1338 1075 Tatius
1365 1037 1450 1074 reti-

80 1100 265 1144 15nendis
304 1099 531 1139 Sabinorum
570 1102 685 1139 sacris
722 1102 872 1140 sodales
910 1102 1032 1140 Titios
1069 1102 1308 1140 instituerat«
1351 1109 1490 1141 sorte2

129 1164 230 1201 ducti
251 1176 271 1201 e
296 1165 525 1213 primoribus
549 1166 703 1204 civitatis
724 1179 823 1204 unus
849 1174 884 1204 et
904 1168 1056 1216 viginti:
1086 1167 1262 1204 Tiberius
1286 1166 1450 1204 Drusus·

129 1240 201 1277 que
223 1236 259 1266 et
279 1228 462 1267 Claudius
479 1237 516 1267 et
537 1229 787 1268 Germanicus
808 1231 1031 1270 adiciuntur.
1086 1231 1194 1269 ludos
1219 1224 1449 1280 Augustales
1468 1243 1490 1272 :3

129 1300 219 1330 tunc
240 1293 403 1343 primum
424 1301 582 1344 coeptos
609 1296 768 1332 turbavit
789 1295 975 1333 discordia
994 1308 1041 1333 ex
1069 1295 1275 1333 certamine
1301 1295 1450 1332 histrio-

128 1369 231 1394 num.
288 1358 492 1396 indulserat
512 1359 546 1397 ei
566 1359 709 1397 ludicro
730 1361 935 1410 AugustuS‚
956 1361 1046 1397 dum
1067 1360 1283 1397 Maecenati
1302 1360 1450 1398 obtem-

78 1437 115 1458 20
130 1428 236 1471 perat
277 1422 398 1460 effuso
438 1424 476 1460 in
516 1436 687 1462 amorem
722 1423 906 1474 Bathylli;
944 1437 1068 1474 neque
1107 1425 1188 1474 ipse
1225 1424 1450 1463 abhorrebat

131 1486 263 1523 talibus
302 1487 444 1533 studiis,
483 1495 520 1526 et
558 1489 663 1526 civile
692 1490 841 1526 rebatur
872 1489 1019 1527 misceri
1055 1488 1307 1539 voluptatibus
1337 1488 1450 1539 vulgi.

129 1551 200 1588 alia
220 1551 375 1589 Tiberio
397 1565 547 1590 morum
568 1554 649 1591 via:
679 1553 746 1591 sed
766 1554 951 1603 populum
971 1566 1039 1603 per
1063 1559 1118 1591 tot
1143 1565 1267 1591 annos
1291 1553 1450 1592 molliter
1466 1561 1492 1591 4

128 1615 297 1652 habitum
316 1617 487 1654 nondum
509 1617 671 1655 audebat
690 1618 739 1655 ad
759 1618 910 1656 duriora
932 1625 1085 1655 vertere.

183 1685 252 1718 55.
282 1679 408 1718 Druso
459 1681 623 1720 Caesare
672 1681 717 1721 C.
755 1681 938 1720 Norbano
977 1682 1194 1719 consulibus
1239 1680 1452 1720 decernitur

77 1761 113 1790 ²5
130 1744 362 1784 Germanico
392 1745 604 1796 triumphus
637 1754 813 1784 manente
844 1747 970 1795 bello;
1009 1747 1114 1796 quod
1145 1757 1378 1796 quamquam
1412 1745 1452 1782 in

128 1816 311 1847 aestatem
343 1822 493 1848 summa
523 1822 597 1860 ope
635 1812 804 1860 parabat,
836 1811 941 1848 initio
970 1812 1065 1848 veris
1103 1817 1140 1848 et
1175 1809 1375 1859 repentino
1412 1809 1452 1846 in

130 1872 289 1911 Chattos
328 1886 490 1912 excursu
527 1876 730 1925 praecepit.
786 1887 877 1912 nam
909 1887 995 1925 spes
1029 1876 1235 1912 incesserat
1271 1873 1492 1914 dissidere2

128 1937 277 1975 hostem
307 1938 346 1975 in
373 1939 589 1976 Arminium
618 1951 661 1993 ac
692 1939 900 1988 Segestem,
920 1940 1110 1988 insignem
1137 1946 1337 1987 utrumque
1365 1950 1451 1988 per-

129 2001 216 2038 fidia
239 2003 278 2039 in
298 2014 369 2039 nos
389 2010 453 2040 aut
474 2003 558 2040 fide.
615 2004 808 2040 Arminius
829 2005 997 2042 turbator
1019 2002 1260 2048 Germaniae,
1275 2002 1451 2052 Segestes
1469 2013 1491 2044 3

77 2081 117 2111 30
131 2067 253 2115 parari
288 2067 535 2104 rebellionem
565 2080 679 2117 saepe
717 2068 808 2105 alias
845 2076 881 2105 et
919 2079 1096 2117 supremo
1139 2066 1324 2113 convivio,
1363 2073 1451 2115 post

129 2131 233 2179 quod
253 2131 292 2168 in
311 2143 416 2168 arma
435 2132 538 2178 itum,
559 2133 704 2181 aperuit
723 2133 912 2181 suasitque
934 2132 1037 2169 Varo
1059 2139 1099 2169 ut
1122 2143 1161 2168 se
1182 2138 1218 2168 et
1237 2130 1450 2167 Arminium

129 2203 166 2232 et
191 2202 337 2233 ceteros
364 2207 541 2245 proceres
569 2197 743 2234 vinciret:
772 2197 864 2233 nihil
887 2208 1063 2233 ausuram
1091 2195 1244 2245 plebem
1267 2194 1450 2244 principi-

129 2260 198 2297 bus
219 2261 367 2307 amotis,
389 2268 503 2310 atque
523 2261 594 2310 ipsi
624 2268 774 2311 tempus
801 2260 893 2308 fore,
919 2273 995 2311 quo
1025 2260 1183 2298 crimina
1206 2267 1243 2297 et
1269 2259 1450 2297 innoxios
