1612 2493
147 81 311 136 A.n.14.]
581 87 733 120 LIBER
764 87 791 118 l.
843 86 943 117 CAP.
975 82 1090 116 8-10.
1420 93 1469 127 49

106 203 127 231 3
146 176 286 234 viciens
316 199 468 244 partum
497 192 645 242 aliaque
675 191 866 228 honorum
895 189 1141 238 multiplicata
1171 195 1234 225 aut
1263 200 1374 225 nova.
1432 195 1470 224 at

105 268 129 297 4
146 250 247 309 apud
271 258 475 308 prudentes
498 257 573 293 vita
600 256 679 293 eius
699 255 797 291 varie
819 253 1066 290 extollebatur
1089 253 1372 301 arguebaturve.
1432 252 1469 287 hi

145 324 285 373 pietate
314 334 403 371 erga
432 327 628 370 parentem
656 326 691 356 et
721 317 998 355 necessitudine
1028 317 1081 353 rei
1111 317 1296 365 publicae,
1325 316 1363 352 in
1395 327 1469 364 qua

145 388 267 425 nullus
293 394 385 424 tunc
409 386 555 434 legibus
579 385 696 427 locus,
718 383 766 419 ad
792 394 896 418 arma
918 382 1038 418 civilia
1061 387 1198 426 actum,
1219 393 1316 430 quae
1343 392 1467 429 neque

144 441 266 500 parari
299 434 612 500 possentneque
642 447 770 484 haberi
804 458 872 495 per
906 447 1029 483 bonas
1066 453 1175 483 artes.
1241 445 1360 482 multa
1389 447 1470 480 An-

145 516 261 560 tonio,
296 516 388 553 dum
428 513 683 551 interfectores
720 511 835 560 patris
872 511 1123 555 ulcisceretur,
1163 510 1281 547 multa
1319 509 1470 558 Lepido

106 590 127 619 5
146 581 388 618 concessisse.
445 585 651 628 postquam
685 577 746 613 hic
779 575 954 614 socordia
988 576 1163 621 senuerit,
1193 576 1254 612 ille
1286 587 1355 624 per
1387 574 1471 611 libi-

146 645 254 682 dines
284 635 437 694 pessum
473 644 583 681 datus
615 643 672 687 sit,
705 653 784 678 non
818 640 917 677 aliud
951 640 1203 677 discordantis
1234 640 1377 689 patriae
1411 651 1471 676 re-

105 715 129 744 6
147 710 314 746 medium
333 709 445 763 fuisse
466 720 580 758 quam
602 710 643 742 ul
660 707 708 743 ab
729 718 807 742 uno
826 712 1029 754 regeretur.
1086 705 1178 742 Non
1199 694 1319 755 regino
1343 710 1470 742 tamen

146 786 270 823 neque
300 756 495 818 dictatura,
521 771 588 809 sed
612 771 789 820 principis
817 772 970 807 nomine
998 771 1243 815 constitutam
1268 782 1348 807 rem
1372 769 1469 818 pub·

147 839 278 884 licam;
311 838 403 875 mari
439 837 597 875 Oceano
632 842 693 872 aut
729 835 904 872 amnibus
942 835 1159 884 longinquis
1193 842 1366 884 saeptum
1401 834 1471 870 im·

146 902 318 951 perium3
348 902 529 950 legiones,
545 898 771 949 provincias,
793 899 944 942 classes,
966 905 1104 935 cuncta
1124 899 1220 936 inter
1241 911 1280 935 se
1301 910 1446 936 conexa
1459 909 1471 944 ς

146 968 204 1003 ius
231 966 333 1015 apud
360 966 468 1011 cives,
490 963 717 1001 modestiam
743 963 845 1011 apud
870 962 1021 1009 socios;
1051 963 1185 999 urbem
1211 963 1334 1011 ipsam
1357 977 1467 1013 mag-

147 1031 259 1068 nifico
283 1038 439 1076 ornatu3
469 1041 590 1079 pauca
613 1027 822 1066 admodum
847 1027 881 1064 vi
909 1033 1076 1074 tractata,
1101 1038 1180 1077 quo
1206 1028 1339 1065 ceteris
1366 1029 1471 1078 quies

148 1102 257 1132 esset.

201 1165 272 1198 10.¹
293 1159 500 1197 Dicebatur
521 1166 678 1197 contra.
708 1158 887 1208 pietatem
910 1170 1000 1207 erga
1020 1164 1217 1207 parentem
1241 1164 1278 1195 et
1297 1164 1471 1207 tempora

137 1225 208 1291 arei
210 1225 401 1289 publicae
432 1218 601 1262 obtentui
633 1231 808 1273 sumpta:
838 1230 1005 1261 ceterum
1040 1223 1216 1272 cupidine
1246 1223 1472 1260 dominandi

137 1273 319 1327 concitos
347 1302 414 1339 per
441 1290 679 1338 largitionem
708 1295 917 1333 veteranos,
947 1294 1120 1337 paratum
1150 1288 1199 1324 ab
1228 1287 1471 1325 adulescente

146 1355 292 1403 privato
329 1355 548 1399 exercitum,
587 1360 793 1415 corruptas
824 1353 989 1414 consulis
1027 1353 1211 1401 legiones,
1252 1352 1469 1390 simulatam

148 1418 465 1468 Pompeianarum
498 1405 657 1468 gratiam
688 1416 874 1467 partium;
909 1429 1001 1454 mox
1034 1418 1098 1453 ubi
1133 1416 1287 1454 decreto
1321 1424 1471 1466 patrum

147 1482 269 1521 fasces
294 1490 331 1521 et
359 1484 414 1521 ius
441 1483 623 1533 praetoris
650 1483 834 1528 invaserit,
863 1484 982 1521 caesis
1006 1482 1133 1519 Hirtio
1158 1489 1194 1519 et
1224 1482 1361 1528 Pansa,
1397 1485 1473 1521 sive

148 1548 266 1585 hostis
286 1549 380 1594 illos,
402 1560 469 1586 seu
488 1548 652 1585 Pansam
672 1560 862 1584 venenum
883 1547 1023 1584 vulneri
1048 1547 1232 1593 adfusum,
1255 1548 1312 1584 sui
1336 1547 1473 1585 milites

149 1612 315 1649 Hirtium
358 1621 394 1651 et
435 1613 672 1650 machinator
715 1612 792 1649 doli
836 1611 979 1650 Caesar
1021 1602 1236 1656 abstulerat,
1279 1612 1473 1662 utriusque

147 1678 277 1727 copias
306 1678 575 1728 occupavisse;
606 1685 799 1714 extortum
828 1677 944 1714 invito
975 1685 1108 1715 senatu
1136 1677 1387 1721 consulatum,
1415 1690 1473 1714 ar-

147 1755 285 1792 maque
323 1755 421 1791 quae
455 1743 494 1780 in
527 1735 736 1780 Antonium
776 1743 963 1791 acceperit
1002 1749 1133 1779 contra
1162 1754 1244 1779 rem
1277 1743 1470 1791 publicam

146 1818 276 1851 versa;
310 1807 626 1857 proscriptionem
658 1807 806 1852 civium,
839 1807 1041 1844 divisiones
1076 1819 1254 1856 agrorum
1293 1820 1342 1844 ne
1380 1808 1472 1856 ipsis

108 1871 301 1919 aquidem
329 1872 392 1920 qui
422 1871 543 1909 secere
576 1870 758 1908 laudatas.
815 1883 907 1909 sane
937 1871 1060 1909 Cassii
1089 1880 1125 1908 et
1154 1871 1361 1908 Brutorum
1390 1872 1472 1908 exi-

148 1943 207 1972 tus
235 1937 399 1984 paternis
424 1936 627 1974 inimicitiis
654 1935 775 1981 datos,
797 1947 1032 1985 quamquam
1061 1936 1118 1973 fas
1143 1936 1189 1973 sit
1214 1936 1358 1986 privata
1384 1936 1473 1975 odia

148 1999 306 2047 publicis
328 2000 544 2038 utilitatibus
570 2000 782 2037 remittere:
815 2000 881 2038 sed
910 2001 1136 2050 Pompeium
1160 2001 1326 2050 imagine
1353 2003 1471 2050 pacis,

1488 783 1524 805 10

1487 1108 1522 1140 ¹5

1488 1433 1527 1454 20

1487 1759 1523 1789 ²5

148 2063 215 2100 sed
253 2062 442 2113 Lepidum
480 2066 605 2114 specie
639 2065 826 2102 amicitiae
865 2066 1071 2115 deceptos;
1116 2072 1205 2116 post
1243 2067 1525 2112 Ant0n1um‚30

147 2127 354 2164 Tarentino
378 2127 683 2180 Brundisinoque
708 2130 863 2168 foedere
887 2137 924 2167 et
952 2130 1090 2179 nuptiis
1114 2130 1253 2167 sororis
1279 2129 1497 2175 iniectum,

107 2191 333 2233 ssubdolae
366 2193 568 2232 adfinitatis
602 2207 748 2244 poenas
781 2201 904 2232 morte
941 2194 1157 2232 exsolvisse.
1213 2206 1350 2243 pacem
1388 2195 1470 2231 sine

149 2255 263 2294 dubio
297 2263 384 2305 post
418 2257 521 2306 haec,
551 2272 682 2298 verum
721 2266 943 2298 cruentam:
984 2259 1176 2297 Lollianas
1207 2259 1471 2310 Varianasque

799 2338 822 2364 E
