1612 2493
189 81 233 128 84
481 85 720 118 CORNELII
748 86 923 117 TACJTI
945 87 1224 118 ANNALJUM
1275 79 1410 133 [A.U.c.
1433 87 1504 129 768.

189 187 280 226 solvi
309 200 414 225 reum
440 188 658 226 criminibus
683 187 915 227 maiestatis:
944 188 990 226 de
1013 189 1184 239 pecuniis
1213 190 1429 239 repetundis
1458 188 1507 227 ad

187 253 456 302 reciperatores
476 254 570 291 itum
589 260 657 292 est.

243 321 305 356 ¹75.
335 317 419 355 Nec
448 325 597 367 patrum
631 317 913 367 cognitionibus
946 317 1100 355 satiatus
1134 318 1280 357 iudiciis
1312 319 1509 356 adsidebat

190 382 229 419 in
258 394 376 420 cornu
404 383 609 428 tribunalis,
640 395 689 420 ne
723 389 939 432 praetorem
972 382 1090 420 curuli
1124 383 1344 433 depelleret;
1378 384 1510 421 multa-

154 463 171 494 5
190 459 263 496 que
292 459 339 485 eo
367 459 497 484 coram
523 447 704 484 adversus
735 448 919 484 ambitum
952 454 989 484 et
1019 447 1230 496 potentium
1257 460 1390 497 preces
1418 460 1510 485 con-

191 512 328 549 stituta.
384 518 441 548 set
471 511 562 548 dum
589 512 732 548 veritati
762 512 979 556 consulitur,
1009 512 1158 549 libertas
1189 512 1509 560 corrumpebatur.
1528 524 1549 552 2

191 576 286 612 inter
315 587 411 625 quae
442 575 530 613 Pius
558 575 730 613 Aurelius
755 585 907 614 senator
931 583 1084 625 questus
1107 575 1209 613 mole
1233 576 1405 625 publicae
1428 577 1509 612 viae
1528 587 1549 616 3

192 640 382 689 ductuque
417 652 600 689 aquarum
633 640 837 678 labefactas
875 641 978 679 aedis
1015 653 1112 685 suas,
1146 641 1325 678 auxilium
1362 647 1511 690 patrum

191 704 401 741 invocabat.
459 705 718 742 resistentibus
748 705 880 742 aerarii
909 706 1146 755 praetoribus
1175 706 1348 742 subvenit
1372 704 1551 746 Caesar4

142 784 179 806 10
193 769 430 818 pretiumque
461 769 610 806 aedium
645 770 799 807 Aurelio
830 771 966 815 tribuit,
997 769 1213 819 erogandae
1249 782 1317 819 per
1349 769 1512 806 honesta

191 834 374 883 pecuniae
408 834 576 883 cupiens,
606 846 721 883 quam
752 834 926 873 virtutem
960 835 1024 872 diu
1056 835 1215 879 retinuit,
1250 846 1337 872 cum
1367 841 1512 872 ceteras

191 904 354 935 exueret.
412 898 608 947 Propertio
633 898 756 936 Celeri
778 900 977 948 praetorio,
999 899 1147 936 veniam
1171 899 1312 937 ordinis
1340 899 1391 936 ob
1419 910 1511 948 pau·
1530 911 1550 939 5

192 969 374 1012 pertatem
403 963 558 1012 petenti,
587 963 744 1000 deciens
774 964 984 1001 sestertium
1016 964 1170 1013 largitus
1203 970 1269 1008 est,
1301 963 1390 1000 satis
1421 974 1512 1000 con-

193 1035 300 1077 perto
334 1035 512 1077 paternas
543 1027 577 1065 ei
607 1028 800 1077 angustias
833 1041 929 1067 esse.
994 1028 1212 1078 temptantis
1245 1027 1379 1064 eadem
1418 1027 1511 1064 alios
1531 1037 1552 1065 6

143 1108 180 1139 15
197 1093 358 1141 probare
379 1105 512 1130 causas
540 1093 685 1130 senatui
710 1093 824 1138 iussit,
845 1093 1021 1143 cupidine
1041 1093 1244 1130 severitatis
1272 1092 1310 1129 in
1333 1092 1376 1129 iis
1400 1091 1513 1129 etiam

194 1169 290 1206 quae
316 1157 382 1194 rite
408 1157 545 1195 faceret
571 1158 741 1196 acerbus.
798 1158 900 1195 unde
930 1157 1041 1196 ceteri
1071 1157 1258 1195 silentium
1287 1164 1324 1195 et
1351 1169 1511 1207 pauper·
1531 1167 1551 1198 7

195 1229 308 1259 tatem
340 1221 572 1260 confessioni
602 1229 638 1260 et
666 1222 852 1260 beneficio
881 1234 1144 1272 praeposuere.

248 1291 314 1325 76.
345 1286 495 1324 Eodem
525 1299 628 1325 anno
653 1287 842 1324 continuis
866 1287 1046 1324 imbribus
1073 1294 1203 1324 auctus
1223 1285 1373 1323 Tiberis
1399 1285 1515 1335 plana

195 1351 296 1388 urbis
318 1359 580 1400 stagnaverat3
611 1352 843 1389 relabentem
871 1358 999 1389 secuta
1022 1358 1078 1389 est
1103 1351 1356 1388 aedificiorum
1386 1357 1423 1387 et
1445 1350 1515 1387 ho-

143 1432 182 1454 20
195 1416 341 1453 minum
371 1424 526 1465 strages.
584 1416 693 1466 igitur
715 1416 859 1453 censuit
880 1416 1031 1453 Asinius
1055 1415 1187 1454 Gallus
1215 1422 1256 1452 ut
1284 1414 1366 1451 libri
1393 1414 1515 1452 Sibul-
1533 1421 1554 1449 2

195 1481 259 1518 lini
293 1480 492 1518 adirentur.
549 1481 670 1518 renuit
703 1480 891 1526 Tiberius,
923 1481 1081 1529 perinde
1115 1480 1241 1517 divina
1273 1479 1515 1528 humanaque
1535 1489 1554 1516 3

196 1546 401 1595 obtegens;
432 1546 499 1583 sed
528 1546 736 1583 remedium
770 1545 973 1583 coercendi
1003 1545 1166 1582 fluminis
1196 1545 1308 1581 Ateio
1337 1543 1515 1593 Capitoni

197 1618 233 1648 et
259 1610 302 1648 L.
323 1611 503 1648 Arruntio
537 1611 769 1648 mandatum.
827 1610 1012 1647 Achaiam
1036 1622 1081 1648 ac
1106 1609 1376 1646 Macedoniam
1399 1620 1515 1645 onera
1535 1621 1557 1649 4

197 1676 435 1726 deprecantis
463 1675 577 1712 levari
606 1675 643 1713 in
670 1687 849 1725 praesens
878 1674 1139 1725 proconsulari
1165 1674 1321 1722 imperio
1347 1672 1514 1722 tradique

146 1757 181 1787 ²5
198 1740 353 1779 Caesari
381 1740 532 1790 placuit.
590 1740 746 1777 edendis
772 1740 1052 1788 gladiatoribus,
1074 1750 1170 1789 quos
1198 1737 1416 1776 Germanici
1444 1738 1512 1774 fra·
1537 1729 1575 1777 5ι

198 1805 261 1842 tris
293 1817 337 1843 ac
372 1816 442 1842 suo
471 1805 626 1842 nomine
656 1805 853 1850 obtulerat,
875 1803 1022 1841 Drusus
1053 1803 1253 1853 praesedit,
1284 1814 1514 1851 quamquam

196 1870 257 1907 vili
286 1869 469 1917 sanguine
498 1870 609 1906 nimis
640 1869 835 1919 gaudens;
866 1869 969 1918 quod
1001 1869 1039 1905 in
1069 1867 1201 1916 vulgus
1230 1866 1514 1903 formidolosum

197 1941 233 1972 et
261 1942 367 1983 pater
395 1934 561 1983 arguisse
590 1934 791 1971 dicebatur.
849 1945 915 1970 cur
939 1933 1155 1970 abstinuerit
1179 1930 1397 1981 spectaculo
1423 1931 1513 1980 ipse.
1537 1941 1559 1968 6

199 1999 298 2036 varie
323 1998 543 2045 trahebant;
574 1999 634 2036 alii
654 1998 780 2035 taedio
809 2005 951 2043 coetus,
973 1997 1127 2047 quidam
1150 1996 1294 2033 tristitia
1322 1995 1462 2044 ingenii
1482 2005 1517 2031 et

148 2080 187 2111 30
199 2071 302 2101 metu
328 2063 619 2112 conparationis‚
641 2063 727 2112 quia
751 2063 944 2111 Augustus
971 2062 1128 2099 comiter
1149 2060 1382 2098 interfuisset.
1439 2072 1517 2096 non
1538 2070 1557 2101 7

200 2128 422 2167 crediderim
456 2128 504 2165 ad
539 2128 806 2165 ostentandam
840 2127 1031 2164 saevitiam
1064 2125 1354 2174 'movendasque
1387 2125 1517 2173 populi

200 2194 431 2232 offensiones
460 2204 681 2231 concessam
708 2192 785 2230 filio
814 2192 1019 2238 materiem,
1040 2202 1272 2241 quamquam
1301 2188 1339 2226 id
1367 2200 1518 2239 quoque

201 2259 343 2296 dictum
366 2265 434 2296 est.
