1612 2493
148 74 197 118 64
421 77 659 110 CORNELII
689 77 860 110 TACITI
882 78 1158 111 ANNALIUM
1237 69 1374 125 [A.U.c.
1396 78 1469 119 767.

151 179 312 228 agmine,
343 192 429 217 cum
459 180 539 218 fisci
571 181 618 218 de
652 181 881 230 imperatore
911 181 1009 231 rapti
1036 182 1132 219 inter
1161 181 1269 231 signa
1296 182 1468 232 interque

151 245 292 294 aquilas
329 245 562 293 veherentur.
619 245 870 284 Germanicus
908 248 1141 296 superiorem
1178 247 1226 284 ad
1264 248 1512 300 exercitum4

151 309 342 358 profectus
367 310 574 346 secundam
594 316 630 346 et
650 311 796 347 tertiam
824 312 1025 348 decumam
1044 318 1082 348 et
1100 317 1247 348 sextam
1267 302 1468 348 decumam
1506 303 1517 305 i

149 373 318 423 legiones
348 373 440 410 nihil
465 381 659 411 cunctatas
683 383 921 413 sacramento
950 375 1076 423 adigit.
1132 375 1468 424 quartadecumani
1487 382 1510 412 5
1537 362 1539 364 Ι

114 454 131 484 5
149 439 301 487 paulum
330 439 610 475 dubitaverant:
640 439 803 488 pecunia
827 447 864 477 et
891 440 1022 477 missio
1053 440 1223 489 quamvis
1252 450 1332 475 non
1360 438 1468 486 flagi-

149 504 313 540 tantibus
342 503 470 540 oblata
500 511 567 540 est.

201 572 268 605 38.
298 568 349 604 At
377 567 415 603 in
439 566 604 604 Chaucis
631 575 854 617 coeptavere
879 568 1104 606 seditionem
1130 567 1359 617 praesidium
1389 567 1470 616 agi-

147 638 269 668 tantes
301 631 480 668 vexillarii
515 631 747 669 discordium
780 632 975 681 legionum
1007 639 1044 669 et
1081 633 1268 681 praesenti
1308 632 1470 668 duorum

147 696 306 732 militurn
330 696 513 744 supplicio
536 695 690 744 paulum
714 697 873 745 repressi
900 704 997 734 sunt.
1054 697 1212 734 iusserat
1238 695 1274 733 id
1301 696 1370 734 Μ’.
1390 695 1468 732 En·
1487 703 1510 732 2

99 760 232 796 ionius
261 767 468 797 castrorum
496 759 720 808 praefectus,
747 761 852 798 bono
882 761 1003 809 magis
1026 760 1204 809 exemplo
1234 769 1348 809 quam
1378 772 1470 797 con-

148 836 254 862 cesso
275 824 364 861 iure.
422 823 558 860 deinde
581 824 856 861 intumescente
883 830 990 862 motu
1009 824 1194 874 profugus
1213 831 1469 873 repertusque,
1489 832 1510 861 3

147 896 352 939 postquam
378 888 518 925 intutae
543 888 718 934 latebrae,
745 889 974 938 praesidium
1000 890 1049 926 ab
1073 889 1232 926 audacia
1257 875 1446 925 mutuatur
1465 895 1500 927 :⁶

148 966 226 992 non
264 953 497 1003 praefectum
536 954 585 990 ab
621 953 676 999 iis,
708 953 775 990 sed
812 952 1086 991 Germanicum
1125 953 1273 999 ducem,
1305 953 1372 990 sed
1405 952 1472 990 Ti-

147 1019 293 1056 berium
315 1018 583 1067 imperatorem
607 1018 745 1060 violari.
801 1017 912 1054 simul
938 1017 1120 1054 exterritis
1144 1017 1207 1066 qui
1236 1018 1469 1063 obstiterant,
1487 1024 1513 1053 4

99 1098 133 1128 15
148 1090 297 1132 raptum
326 1082 502 1119 vexillum
530 1082 579 1119 ad
606 1083 729 1131 ripam
756 1082 872 1126 vertit,
902 1088 939 1119 et
971 1082 1002 1118 si
1036 1082 1120 1130 quis
1153 1082 1304 1130 agmine
1341 1082 1471 1119 deces-

148 1148 267 1194 sisset,
296 1160 366 1197 pro
396 1147 584 1184 desertore
614 1147 692 1184 fore
727 1146 936 1192 clamitans,
964 1146 1111 1184 reduxit
1141 1146 1180 1182 in
1208 1146 1366 1184 hiberna
1393 1153 1471 1183 tur-

148 1213 259 1249 bidos
289 1220 326 1249 et
354 1212 445 1248 nihil
475 1223 598 1249 ausos.

203 1281 272 1316 39.
302 1276 450 1314 Interea
483 1276 595 1324 legati
627 1277 674 1314 ab
709 1284 842 1314 senatu
874 1288 1087 1325 regressum
1119 1277 1194 1313 iam
1227 1275 1329 1324 apud
1367 1287 1472 1313 aram

147 1341 337 1379 Ubiorum
378 1341 651 1378 Germanicum
693 1342 846 1378 adeunt.
904 1342 1000 1378 duae
1041 1342 1091 1378 ibi
1130 1341 1310 1390 legiones,
1351 1341 1512 1390 prima2

96 1422 136 1445 20
149 1414 261 1457 atque
285 1407 498 1451 vicensima,
526 1406 766 1456 veteranique
791 1418 911 1455 nuper
938 1406 1043 1442 missi
1069 1406 1139 1442 sub
1164 1404 1298 1442 vexillo
1328 1404 1472 1441 hiema-

149 1473 274 1516 bant..
309 1472 468 1520 pavidos
494 1478 530 1508 et
552 1471 785 1508 conscientia
808 1470 1012 1508 vaecordes
1035 1470 1147 1507 intrat
1169 1477 1310 1514 metus‚'
1324 1471 1471 1507 venisse
1491 1477 1512 1506 3

149 1543 298 1585 patrum
337 1536 439 1572 iussu
474 1536 538 1584 qui
571 1536 680 1572 inrita
718 1535 884 1572 facerent
917 1546 1015 1583 quae
1045 1546 1113 1583 per
1146 1534 1372 1571 seditionem
1406 1547 1472 1572 ex-

150 1608 373 1650 presserant.
430 1609 545 1650 utque
577 1612 661 1637 mos
692 1601 804 1649 vulgo
836 1600 1007 1649 quamvis
1038 1599 1139 1636 falsis
1168 1611 1276 1636 reum
1299 1600 1470 1645 subdere,
1489 1608 1514 1637 4

150 1665 368 1703 Munatium
388 1665 571 1702 Plancum
593 1665 792 1702 consulatu
816 1665 1002 1710 functum,
1022 1665 1232 1713 principem
1260 1664 1471 1711 legationis,

98 1746 136 1777 ²5
152 1738 346 1768 auctorem
368 1737 520 1768 senatus
541 1730 701 1767 consulti
721 1730 919 1775 incusant3
950 1735 986 1765 et
1011 1737 1124 1765 nocte
1153 1729 1339 1765 concubia
1359 1729 1473 1766 vexil-

149 1796 226 1833 lum
258 1795 297 1832 in
328 1796 446 1832 domo
480 1794 699 1832 Germanici
732 1795 844 1831 situm
879 1793 1047 1843 flagitare
1079 1793 1282 1841 occipiunt,
1313 1805 1472 1830 concur-

151 1872 271 1909 suque
308 1859 357 1896 ad
395 1859 548 1896 ianuam
586 1859 687 1895 facto
724 1858 933 1895 moliuntur
970 1857 1082 1902 fores,
1115 1865 1323 1894 extractum
1362 1857 1472 1894 cubili

151 1924 357 1962 Caesarem
389 1924 534 1960 tradere
573 1924 750 1960 vexillum
789 1924 934 1959 intento
972 1922 1102 1958 mortis
1139 1927 1242 1957 metu
1280 1922 1471 1970 subigunt.

149 2000 240 2025 mox
267 1988 351 2036 vagi
378 2000 446 2037 per
471 1988 549 2025 vias
576 1989 708 2025 obvios
735 1987 900 2024 habuere
925 1986 1081 2035 legatos,
1105 1985 1233 2022 audita
1252 1984 1471 2023 consterna·
1489 1997 1512 2028 5

98 2068 139 2100 30
151 2053 253 2090 tione
301 2052 349 2089 ad
388 2051 662 2089 Germanicum
707 2051 917 2089 tendentes.
988 2051 1165 2099 ingerunt
1209 2049 1470 2095 contumelias,
1488 2061 1512 2090 6

151 2117 310 2155 caedem
338 2124 483 2166 parant,
514 2117 656 2154 Planco
684 2117 863 2162 maxime,
892 2127 1008 2164 quem
1041 2114 1202 2163 dignitas
1234 2113 1326 2162 fuga
1353 2114 1472 2163 impe-

150 2181 314 2227 diverat3
344 2193 468 2230 neque
492 2181 591 2218 aliud
617 2180 840 2230 periclitanti
870 2178 1079 2217 subsidium
1103 2190 1218 2228 quam
1247 2185 1370 2216 castra
1396 2178 1471 2228 pri-

150 2258 235 2284 mae
255 2245 425 2295 legionis.
481 2245 553 2283 illic
578 2246 688 2295 signa
711 2251 748 2282 et
774 2244 939 2294 aquilam
968 2243 1166 2293 amplexus
1185 2243 1367 2293 religione
1387 2255 1470 2281 sese
1486 2251 1510 2284 7

1553 282 1565 302 ’.Ἰ
