<?xml version="1.0" encoding="UTF-8"?>
<!DOCTYPE html PUBLIC "-//W3C//DTD XHTML 1.0 Transitional//EN"
    "http://www.w3.org/TR/xhtml1/DTD/xhtml1-transitional.dtd">
<html xmlns="http://www.w3.org/1999/xhtml" xml:lang="en" lang="en">
 <head>
  <title>
</title>
<meta http-equiv="Content-Type" content="text/html;charset=utf-8" />
  <meta name='ocr-system' content='tesseract 3.04.00' />
  <meta name='ocr-capabilities' content='ocr_page ocr_carea ocr_par ocr_line ocrx_word'/>
</head>
<body>
  <div class='ocr_page' id='page_1' title='image "annaliumliberi00taciuoft_0079.png"; bbox 0 0 1612 2493; ppageno 0'>
   <div class='ocr_carea' id='block_1_1' title="bbox 155 90 1470 172">
    <p class='ocr_par' dir='ltr' id='par_1_1' title="bbox 155 90 1470 172">
     <span class='ocr_line' id='line_1_1' title="bbox 155 90 1470 146; baseline -0.003 -14"><span class='ocrx_word' id='word_1_1' title='bbox 155 90 324 146; x_wconf 58' lang='lat' dir='ltr'>a.n.14.]</span> <span class='ocrx_word' id='word_1_2' title='bbox 538 98 692 130; x_wconf 81' lang='lat' dir='ltr'><em>LIBER</em></span> <span class='ocrx_word' id='word_1_3' title='bbox 719 98 751 129; x_wconf 85' lang='lat' dir='ltr'>J.</span> <span class='ocrx_word' id='word_1_4' title='bbox 797 97 896 129; x_wconf 82' lang='lat' dir='ltr'><em>CAP.</em></span> <span class='ocrx_word' id='word_1_5' title='bbox 930 103 1072 141; x_wconf 70' lang='lat'><strong>49-53·</strong></span> <span class='ocrx_word' id='word_1_6' title='bbox 1425 98 1470 138; x_wconf 88' lang='lat'>71</span> 
     </span>
     <span class='ocr_line' id='line_1_2' title="bbox 1406 152 1432 172; baseline 0 0"><span class='ocrx_word' id='word_1_7' title='bbox 1406 152 1432 172; x_wconf 56' lang='grc' dir='ltr'><em>Α</em></span> 
     </span>
    </p>
   </div>
   <div class='ocr_carea' id='block_1_2' title="bbox 115 196 1543 2257">
    <p class='ocr_par' dir='ltr' id='par_1_2' title="bbox 115 196 1477 439">
     <span class='ocr_line' id='line_1_3' title="bbox 155 196 1474 248; baseline -0.002 -10"><span class='ocrx_word' id='word_1_8' title='bbox 155 200 345 239; x_wconf 83' lang='lat' dir='ltr'>sinistrum</span> <span class='ocrx_word' id='word_1_9' title='bbox 378 199 474 238; x_wconf 88' lang='lat' dir='ltr'>latus</span> <span class='ocrx_word' id='word_1_10' title='bbox 511 198 856 246; x_wconf 84' lang='lat' dir='ltr'>unetvicensimani‚</span> <span class='ocrx_word' id='word_1_11' title='bbox 887 199 1062 237; x_wconf 88' lang='lat' dir='ltr'>dextrum</span> <span class='ocrx_word' id='word_1_12' title='bbox 1092 197 1263 248; x_wconf 90' lang='lat' dir='ltr'>quintani</span> <span class='ocrx_word' id='word_1_13' title='bbox 1295 196 1474 242; x_wconf 84' lang='lat' dir='ltr'>clausere,</span> 
     </span>
     <span class='ocr_line' id='line_1_4' title="bbox 115 262 1476 314; baseline -0.004 -10"><span class='ocrx_word' id='word_1_14' title='bbox 115 265 363 305; x_wconf 77' lang='lat' dir='ltr'>evicensima</span> <span class='ocrx_word' id='word_1_15' title='bbox 400 264 499 314; x_wconf 84' lang='lat' dir='ltr'>legio</span> <span class='ocrx_word' id='word_1_16' title='bbox 537 271 642 314; x_wconf 86' lang='lat' dir='ltr'>terga</span> <span class='ocrx_word' id='word_1_17' title='bbox 675 263 844 310; x_wconf 87' lang='lat' dir='ltr'>firmavit,</span> <span class='ocrx_word' id='word_1_18' title='bbox 877 271 965 314; x_wconf 91' lang='lat' dir='ltr'>post</span> <span class='ocrx_word' id='word_1_19' title='bbox 998 264 1112 301; x_wconf 89' lang='lat' dir='ltr'>ceteri</span> <span class='ocrx_word' id='word_1_20' title='bbox 1145 263 1349 301; x_wconf 89' lang='lat' dir='ltr'>sociorum.</span> <span class='ocrx_word' id='word_1_21' title='bbox 1407 262 1476 300; x_wconf 86' lang='lat' dir='ltr'>sed</span> 
     </span>
     <span class='ocr_line' id='line_1_5' title="bbox 156 327 1477 379; baseline -0.003 -12"><span class='ocrx_word' id='word_1_22' title='bbox 156 329 299 375; x_wconf 90' lang='lat' dir='ltr'>hostes,</span> <span class='ocrx_word' id='word_1_23' title='bbox 331 329 455 367; x_wconf 90' lang='lat' dir='ltr'>donec</span> <span class='ocrx_word' id='word_1_24' title='bbox 486 341 625 379; x_wconf 84' lang='lat' dir='ltr'>agmen</span> <span class='ocrx_word' id='word_1_25' title='bbox 654 341 723 379; x_wconf 91' lang='lat' dir='ltr'>per</span> <span class='ocrx_word' id='word_1_26' title='bbox 752 327 867 366; x_wconf 89' lang='lat' dir='ltr'>saltus</span> <span class='ocrx_word' id='word_1_27' title='bbox 899 329 1162 379; x_wconf 83' lang='lat' dir='ltr'>porrigeretur,</span> <span class='ocrx_word' id='word_1_28' title='bbox 1197 328 1356 373; x_wconf 87' lang='lat' dir='ltr'>immoti,</span> <span class='ocrx_word' id='word_1_29' title='bbox 1389 327 1477 364; x_wconf 91' lang='lat' dir='ltr'>dein</span> 
     </span>
     <span class='ocr_line' id='line_1_6' title="bbox 156 391 1477 439; baseline -0.002 -9"><span class='ocrx_word' id='word_1_30' title='bbox 156 392 272 430; x_wconf 88' lang='lat' dir='ltr'>latera</span> <span class='ocrx_word' id='word_1_31' title='bbox 299 399 336 431; x_wconf 90' lang='lat' dir='ltr'>et</span> <span class='ocrx_word' id='word_1_32' title='bbox 363 393 525 430; x_wconf 89' lang='lat' dir='ltr'>frontem</span> <span class='ocrx_word' id='word_1_33' title='bbox 554 393 704 431; x_wconf 87' lang='lat' dir='ltr'>modice</span> <span class='ocrx_word' id='word_1_34' title='bbox 732 392 974 439; x_wconf 83' lang='lat' dir='ltr'>adsultantes,</span> <span class='ocrx_word' id='word_1_35' title='bbox 994 399 1075 430; x_wconf 89' lang='lat' dir='ltr'>tota</span> <span class='ocrx_word' id='word_1_36' title='bbox 1102 392 1137 429; x_wconf 91' lang='lat' dir='ltr'>vi</span> <span class='ocrx_word' id='word_1_37' title='bbox 1166 392 1392 430; x_wconf 89' lang='lat' dir='ltr'>novissimos</span> <span class='ocrx_word' id='word_1_38' title='bbox 1421 391 1477 428; x_wconf 91' lang='lat' dir='ltr'>in-</span> 
     </span>
    </p>

    <p class='ocr_par' dir='ltr' id='par_1_3' title="bbox 117 455 1511 638">
     <span class='ocr_line' id='line_1_7' title="bbox 117 455 1511 508; baseline -0.004 -11"><span class='ocrx_word' id='word_1_39' title='bbox 117 467 139 498; x_wconf 89' lang='lat'><strong>7</strong></span> <span class='ocrx_word' id='word_1_40' title='bbox 158 470 320 496; x_wconf 89' lang='lat' dir='ltr'>currere.</span> <span class='ocrx_word' id='word_1_41' title='bbox 375 459 697 508; x_wconf 84' lang='lat' dir='ltr'>turbabanturque</span> <span class='ocrx_word' id='word_1_42' title='bbox 726 458 853 496; x_wconf 88' lang='lat' dir='ltr'>densis</span> <span class='ocrx_word' id='word_1_43' title='bbox 884 457 1165 496; x_wconf 86' lang='lat' dir='ltr'>Germanorum</span> <span class='ocrx_word' id='word_1_44' title='bbox 1194 456 1352 495; x_wconf 83' lang='lat' dir='ltr'>catervis</span> <span class='ocrx_word' id='word_1_45' title='bbox 1380 455 1480 493; x_wconf 90' lang='lat' dir='ltr'>leves</span> <span class='ocrx_word' id='word_1_46' title='bbox 1497 472 1511 501; x_wconf 85' lang='lat'><strong>5</strong></span> 
     </span>
     <span class='ocr_line' id='line_1_8' title="bbox 157 522 1481 570; baseline -0.004 -8"><span class='ocrx_word' id='word_1_47' title='bbox 157 523 348 570; x_wconf 84' lang='lat' dir='ltr'>cohortes,</span> <span class='ocrx_word' id='word_1_48' title='bbox 368 536 457 562; x_wconf 92' lang='lat' dir='ltr'>cum</span> <span class='ocrx_word' id='word_1_49' title='bbox 478 523 619 562; x_wconf 90' lang='lat' dir='ltr'>Caesar</span> <span class='ocrx_word' id='word_1_50' title='bbox 637 522 815 561; x_wconf 90' lang='lat' dir='ltr'>advectus</span> <span class='ocrx_word' id='word_1_51' title='bbox 844 523 892 560; x_wconf 91' lang='lat' dir='ltr'>ad</span> <span class='ocrx_word' id='word_1_52' title='bbox 918 523 1196 561; x_wconf 90' lang='lat' dir='ltr'>vicensimanos</span> <span class='ocrx_word' id='word_1_53' title='bbox 1216 533 1311 559; x_wconf 85' lang='lat' dir='ltr'>voce</span> <span class='ocrx_word' id='word_1_54' title='bbox 1339 532 1481 569; x_wconf 87' lang='lat' dir='ltr'>magna</span> 
     </span>
     <span class='ocr_line' id='line_1_9' title="bbox 157 586 1482 638; baseline -0.002 -14"><span class='ocrx_word' id='word_1_55' title='bbox 157 587 230 626; x_wconf 92' lang='lat' dir='ltr'>hoc</span> <span class='ocrx_word' id='word_1_56' title='bbox 260 588 350 626; x_wconf 90' lang='lat' dir='ltr'>illud</span> <span class='ocrx_word' id='word_1_57' title='bbox 379 595 530 638; x_wconf 89' lang='lat' dir='ltr'>tempus</span> <span class='ocrx_word' id='word_1_58' title='bbox 556 586 828 625; x_wconf 81' lang='lat' dir='ltr'>oblitterandae</span> <span class='ocrx_word' id='word_1_59' title='bbox 854 586 1046 624; x_wconf 81' lang='lat' dir='ltr'>seditionis</span> <span class='ocrx_word' id='word_1_60' title='bbox 1070 586 1323 634; x_wconf 38' lang='lat' dir='ltr'>clamitabat?</span> <span class='ocrx_word' id='word_1_61' title='bbox 1344 597 1482 635; x_wconf 87' lang='lat' dir='ltr'>perge-</span> 
     </span>
    </p>

    <p class='ocr_par' dir='ltr' id='par_1_4' title="bbox 116 649 1537 832">
     <span class='ocr_line' id='line_1_10' title="bbox 116 649 1481 703; baseline -0.003 -13"><span class='ocrx_word' id='word_1_62' title='bbox 116 661 139 690; x_wconf 85' lang='lat'>8</span> <span class='ocrx_word' id='word_1_63' title='bbox 158 660 252 699; x_wconf 91' lang='lat' dir='ltr'>rent,</span> <span class='ocrx_word' id='word_1_64' title='bbox 272 659 518 703; x_wconf 89' lang='lat' dir='ltr'>properarent</span> <span class='ocrx_word' id='word_1_65' title='bbox 545 651 696 701; x_wconf 90' lang='lat' dir='ltr'>culpam</span> <span class='ocrx_word' id='word_1_66' title='bbox 724 651 762 687; x_wconf 90' lang='lat' dir='ltr'>in</span> <span class='ocrx_word' id='word_1_67' title='bbox 785 651 902 688; x_wconf 86' lang='lat' dir='ltr'>decus</span> <span class='ocrx_word' id='word_1_68' title='bbox 930 658 1082 688; x_wconf 83' lang='lat' dir='ltr'>vertere.</span> <span class='ocrx_word' id='word_1_69' title='bbox 1141 662 1316 689; x_wconf 86' lang='lat' dir='ltr'>exarsere</span> <span class='ocrx_word' id='word_1_70' title='bbox 1345 649 1481 687; x_wconf 89' lang='lat' dir='ltr'>animis</span> 
     </span>
     <span class='ocr_line' id='line_1_11' title="bbox 159 714 1482 766; baseline -0.002 -11"><span class='ocrx_word' id='word_1_71' title='bbox 159 729 311 766; x_wconf 92' lang='lat' dir='ltr'>unoque</span> <span class='ocrx_word' id='word_1_72' title='bbox 330 717 473 766; x_wconf 86' lang='lat' dir='ltr'>impetu</span> <span class='ocrx_word' id='word_1_73' title='bbox 492 722 712 766; x_wconf 88' lang='lat' dir='ltr'>perruptum</span> <span class='ocrx_word' id='word_1_74' title='bbox 735 715 883 753; x_wconf 89' lang='lat' dir='ltr'>hostem</span> <span class='ocrx_word' id='word_1_75' title='bbox 903 715 1077 765; x_wconf 88' lang='lat' dir='ltr'>redigunt</span> <span class='ocrx_word' id='word_1_76' title='bbox 1096 716 1134 753; x_wconf 91' lang='lat' dir='ltr'>in</span> <span class='ocrx_word' id='word_1_77' title='bbox 1154 721 1284 765; x_wconf 86' lang='lat' dir='ltr'>aperta</span> <span class='ocrx_word' id='word_1_78' title='bbox 1303 714 1482 753; x_wconf 89' lang='lat' dir='ltr'>caedunt-</span> 
     </span>
     <span class='ocr_line' id='line_1_12' title="bbox 159 780 1537 832; baseline -0.004 -12"><span class='ocrx_word' id='word_1_79' title='bbox 159 794 255 832; x_wconf 89' lang='lat' dir='ltr'>que:</span> <span class='ocrx_word' id='word_1_80' title='bbox 294 782 404 819; x_wconf 92' lang='lat' dir='ltr'>simul</span> <span class='ocrx_word' id='word_1_81' title='bbox 435 781 544 831; x_wconf 84' lang='lat' dir='ltr'>primi</span> <span class='ocrx_word' id='word_1_82' title='bbox 576 780 739 829; x_wconf 87' lang='lat' dir='ltr'>agminis</span> <span class='ocrx_word' id='word_1_83' title='bbox 773 780 908 830; x_wconf 90' lang='lat' dir='ltr'>copiae</span> <span class='ocrx_word' id='word_1_84' title='bbox 940 792 1090 818; x_wconf 87' lang='lat' dir='ltr'>evasere</span> <span class='ocrx_word' id='word_1_85' title='bbox 1135 780 1246 818; x_wconf 87' lang='lat' dir='ltr'>silvas</span> <span class='ocrx_word' id='word_1_86' title='bbox 1283 785 1482 828; x_wconf 87' lang='lat' dir='ltr'>castraque</span> <span class='ocrx_word' id='word_1_87' title='bbox 1499 794 1537 815; x_wconf 90' lang='lat'>10</span> 
     </span>
    </p>

    <p class='ocr_par' dir='ltr' id='par_1_5' title="bbox 116 844 1481 961">
     <span class='ocr_line' id='line_1_13' title="bbox 116 844 1481 896; baseline -0.002 -12"><span class='ocrx_word' id='word_1_88' title='bbox 116 856 140 884; x_wconf 86' lang='grc'>9</span> <span class='ocrx_word' id='word_1_89' title='bbox 159 847 451 885; x_wconf 89' lang='lat' dir='ltr'>communivere.</span> <span class='ocrx_word' id='word_1_90' title='bbox 507 845 676 896; x_wconf 91' lang='lat' dir='ltr'>quietum</span> <span class='ocrx_word' id='word_1_91' title='bbox 713 844 799 882; x_wconf 91' lang='lat' dir='ltr'>inde</span> <span class='ocrx_word' id='word_1_92' title='bbox 837 845 915 891; x_wconf 86' lang='lat' dir='ltr'>iter,</span> <span class='ocrx_word' id='word_1_93' title='bbox 955 845 1152 894; x_wconf 89' lang='lat' dir='ltr'>fidensque</span> <span class='ocrx_word' id='word_1_94' title='bbox 1190 844 1404 882; x_wconf 88' lang='lat' dir='ltr'>recentibus</span> <span class='ocrx_word' id='word_1_95' title='bbox 1436 855 1481 881; x_wconf 87' lang='lat' dir='ltr'>ac</span> 
     </span>
     <span class='ocr_line' id='line_1_14' title="bbox 159 909 1033 961; baseline 0 -13"><span class='ocrx_word' id='word_1_96' title='bbox 159 911 327 961; x_wconf 90' lang='lat' dir='ltr'>priorum</span> <span class='ocrx_word' id='word_1_97' title='bbox 348 911 485 948; x_wconf 87' lang='lat' dir='ltr'>oblitus</span> <span class='ocrx_word' id='word_1_98' title='bbox 505 910 612 947; x_wconf 89' lang='lat' dir='ltr'>miles</span> <span class='ocrx_word' id='word_1_99' title='bbox 632 909 671 946; x_wconf 91' lang='lat' dir='ltr'>in</span> <span class='ocrx_word' id='word_1_100' title='bbox 690 909 856 946; x_wconf 89' lang='lat' dir='ltr'>hibernis</span> <span class='ocrx_word' id='word_1_101' title='bbox 876 909 1033 948; x_wconf 88' lang='lat' dir='ltr'>locatur.</span> 
     </span>
    </p>

    <p class='ocr_par' dir='ltr' id='par_1_6' title="bbox 159 973 1537 1153">
     <span class='ocr_line' id='line_1_15' title="bbox 214 973 1484 1023; baseline -0.004 -8"><span class='ocrx_word' id='word_1_102' title='bbox 214 980 280 1015; x_wconf 89' lang='lat'>52.</span> <span class='ocrx_word' id='word_1_103' title='bbox 311 974 493 1012; x_wconf 89' lang='lat' dir='ltr'>Nuntiata</span> <span class='ocrx_word' id='word_1_104' title='bbox 522 986 568 1011; x_wconf 85' lang='lat' dir='ltr'>ea</span> <span class='ocrx_word' id='word_1_105' title='bbox 587 973 785 1011; x_wconf 89' lang='lat' dir='ltr'>Tiberium</span> <span class='ocrx_word' id='word_1_106' title='bbox 809 973 945 1011; x_wconf 84' lang='lat' dir='ltr'>laetitia</span> <span class='ocrx_word' id='word_1_107' title='bbox 969 986 1133 1023; x_wconf 88' lang='lat' dir='ltr'>curaque</span> <span class='ocrx_word' id='word_1_108' title='bbox 1161 973 1361 1012; x_wconf 87' lang='lat' dir='ltr'>adfecere:</span> <span class='ocrx_word' id='word_1_109' title='bbox 1390 985 1484 1023; x_wconf 88' lang='lat' dir='ltr'>gau-</span> 
     </span>
     <span class='ocr_line' id='line_1_16' title="bbox 160 1037 1484 1089; baseline -0.002 -11"><span class='ocrx_word' id='word_1_110' title='bbox 160 1039 273 1078; x_wconf 89' lang='lat' dir='ltr'>debat</span> <span class='ocrx_word' id='word_1_111' title='bbox 292 1050 516 1089; x_wconf 88' lang='lat' dir='ltr'>oppressam</span> <span class='ocrx_word' id='word_1_112' title='bbox 537 1038 775 1083; x_wconf 88' lang='lat' dir='ltr'>seditionem,</span> <span class='ocrx_word' id='word_1_113' title='bbox 797 1037 864 1076; x_wconf 90' lang='lat' dir='ltr'>sed</span> <span class='ocrx_word' id='word_1_114' title='bbox 888 1038 992 1088; x_wconf 91' lang='lat' dir='ltr'>quod</span> <span class='ocrx_word' id='word_1_115' title='bbox 1016 1039 1222 1088; x_wconf 82' lang='lat' dir='ltr'>largiendis</span> <span class='ocrx_word' id='word_1_116' title='bbox 1249 1038 1420 1088; x_wconf 90' lang='lat' dir='ltr'>pecuniis</span> <span class='ocrx_word' id='word_1_117' title='bbox 1446 1045 1484 1076; x_wconf 90' lang='lat' dir='ltr'>et</span> 
     </span>
     <span class='ocr_line' id='line_1_17' title="bbox 159 1102 1537 1153; baseline -0.001 -11"><span class='ocrx_word' id='word_1_118' title='bbox 159 1103 340 1142; x_wconf 88' lang='lat' dir='ltr'>missione</span> <span class='ocrx_word' id='word_1_119' title='bbox 368 1103 542 1142; x_wconf 86' lang='lat' dir='ltr'>festinata</span> <span class='ocrx_word' id='word_1_120' title='bbox 571 1102 736 1141; x_wconf 88' lang='lat' dir='ltr'>favorem</span> <span class='ocrx_word' id='word_1_121' title='bbox 766 1103 926 1141; x_wconf 88' lang='lat' dir='ltr'>militum</span> <span class='ocrx_word' id='word_1_122' title='bbox 950 1103 1205 1153; x_wconf 84' lang='lat' dir='ltr'>quaesivisset,</span> <span class='ocrx_word' id='word_1_123' title='bbox 1232 1104 1366 1141; x_wconf 90' lang='lat' dir='ltr'>bellica</span> <span class='ocrx_word' id='word_1_124' title='bbox 1387 1115 1483 1153; x_wconf 82' lang='lat' dir='ltr'>quo·</span> <span class='ocrx_word' id='word_1_125' title='bbox 1502 1119 1537 1151; x_wconf 88' lang='lat'>15</span> 
     </span>
    </p>

    <p class='ocr_par' dir='ltr' id='par_1_7' title="bbox 119 1167 1487 1352">
     <span class='ocr_line' id='line_1_18' title="bbox 119 1167 1485 1218; baseline -0.001 -11"><span class='ocrx_word' id='word_1_126' title='bbox 119 1182 141 1211; x_wconf 73' lang='lat'><em>8</em></span> <span class='ocrx_word' id='word_1_127' title='bbox 161 1181 234 1218; x_wconf 91' lang='lat' dir='ltr'>que</span> <span class='ocrx_word' id='word_1_128' title='bbox 255 1168 471 1207; x_wconf 83' lang='lat' dir='ltr'>Germanici</span> <span class='ocrx_word' id='word_1_129' title='bbox 496 1168 616 1218; x_wconf 88' lang='lat' dir='ltr'>gloria</span> <span class='ocrx_word' id='word_1_130' title='bbox 643 1167 862 1217; x_wconf 83' lang='lat' dir='ltr'>angebatur.</span> <span class='ocrx_word' id='word_1_131' title='bbox 918 1168 1055 1206; x_wconf 90' lang='lat' dir='ltr'>rettulit</span> <span class='ocrx_word' id='word_1_132' title='bbox 1078 1175 1208 1205; x_wconf 90' lang='lat' dir='ltr'>tamen</span> <span class='ocrx_word' id='word_1_133' title='bbox 1232 1168 1281 1206; x_wconf 90' lang='lat' dir='ltr'>ad</span> <span class='ocrx_word' id='word_1_134' title='bbox 1311 1174 1485 1206; x_wconf 89' lang='lat' dir='ltr'>senatum</span> 
     </span>
     <span class='ocr_line' id='line_1_19' title="bbox 161 1232 1486 1283; baseline -0.001 -11"><span class='ocrx_word' id='word_1_135' title='bbox 161 1234 208 1272; x_wconf 94' lang='lat' dir='ltr'>de</span> <span class='ocrx_word' id='word_1_136' title='bbox 236 1234 348 1271; x_wconf 89' lang='lat' dir='ltr'>rebus</span> <span class='ocrx_word' id='word_1_137' title='bbox 376 1233 492 1283; x_wconf 88' lang='lat' dir='ltr'>gestis</span> <span class='ocrx_word' id='word_1_138' title='bbox 521 1232 713 1283; x_wconf 85' lang='lat' dir='ltr'>multaque</span> <span class='ocrx_word' id='word_1_139' title='bbox 746 1233 792 1271; x_wconf 91' lang='lat' dir='ltr'>de</span> <span class='ocrx_word' id='word_1_140' title='bbox 821 1233 952 1271; x_wconf 87' lang='lat' dir='ltr'>virtute</span> <span class='ocrx_word' id='word_1_141' title='bbox 984 1233 1062 1271; x_wconf 90' lang='lat' dir='ltr'>eius</span> <span class='ocrx_word' id='word_1_142' title='bbox 1093 1234 1331 1279; x_wconf 88' lang='lat' dir='ltr'>memoravit,</span> <span class='ocrx_word' id='word_1_143' title='bbox 1361 1235 1486 1283; x_wconf 88' lang='lat' dir='ltr'>magis</span> 
     </span>
     <span class='ocr_line' id='line_1_20' title="bbox 160 1298 1487 1352; baseline 0.001 -17"><span class='ocrx_word' id='word_1_144' title='bbox 160 1299 198 1336; x_wconf 92' lang='lat' dir='ltr'>in</span> <span class='ocrx_word' id='word_1_145' title='bbox 227 1298 394 1348; x_wconf 90' lang='lat' dir='ltr'>speciem</span> <span class='ocrx_word' id='word_1_146' title='bbox 414 1298 536 1336; x_wconf 89' lang='lat' dir='ltr'>verbis</span> <span class='ocrx_word' id='word_1_147' title='bbox 567 1298 752 1352; x_wconf 56' lang='lat' dir='ltr'>adojpata</span> <span class='ocrx_word' id='word_1_148' title='bbox 781 1310 895 1347; x_wconf 67' lang='lat' dir='ltr'>quam</span> <span class='ocrx_word' id='word_1_149' title='bbox 915 1305 955 1335; x_wconf 91' lang='lat' dir='ltr'>ut</span> <span class='ocrx_word' id='word_1_150' title='bbox 981 1298 1132 1347; x_wconf 87' lang='lat' dir='ltr'>penitus</span> <span class='ocrx_word' id='word_1_151' title='bbox 1159 1298 1296 1336; x_wconf 87' lang='lat' dir='ltr'>sentire</span> <span class='ocrx_word' id='word_1_152' title='bbox 1316 1298 1487 1336; x_wconf 91' lang='lat' dir='ltr'>credere-</span> 
     </span>
    </p>

    <p class='ocr_par' dir='ltr' id='par_1_8' title="bbox 119 1361 1542 1541">
     <span class='ocr_line' id='line_1_21' title="bbox 119 1361 1488 1413; baseline 0 -12"><span class='ocrx_word' id='word_1_153' title='bbox 119 1375 140 1405; x_wconf 86' lang='lat'><strong>3</strong></span> <span class='ocrx_word' id='word_1_154' title='bbox 161 1370 230 1401; x_wconf 82' lang='lat' dir='ltr'>tur.</span> <span class='ocrx_word' id='word_1_155' title='bbox 286 1363 528 1413; x_wconf 87' lang='lat' dir='ltr'>paucioribus</span> <span class='ocrx_word' id='word_1_156' title='bbox 546 1361 715 1400; x_wconf 90' lang='lat' dir='ltr'>Drusum</span> <span class='ocrx_word' id='word_1_157' title='bbox 732 1369 768 1400; x_wconf 92' lang='lat' dir='ltr'>et</span> <span class='ocrx_word' id='word_1_158' title='bbox 788 1363 903 1400; x_wconf 91' lang='lat' dir='ltr'>finem</span> <span class='ocrx_word' id='word_1_159' title='bbox 924 1362 1061 1412; x_wconf 88' lang='lat' dir='ltr'>Illyrici</span> <span class='ocrx_word' id='word_1_160' title='bbox 1080 1370 1208 1401; x_wconf 90' lang='lat' dir='ltr'>motus</span> <span class='ocrx_word' id='word_1_161' title='bbox 1228 1363 1403 1409; x_wconf 86' lang='lat' dir='ltr'>laudavit,</span> <span class='ocrx_word' id='word_1_162' title='bbox 1420 1363 1488 1401; x_wconf 88' lang='lat' dir='ltr'>sed</span> 
     </span>
     <span class='ocr_line' id='line_1_22' title="bbox 160 1427 1542 1478; baseline 0.001 -14"><span class='ocrx_word' id='word_1_163' title='bbox 160 1428 338 1466; x_wconf 87' lang='lat' dir='ltr'>intentior</span> <span class='ocrx_word' id='word_1_164' title='bbox 366 1434 403 1466; x_wconf 90' lang='lat' dir='ltr'>et</span> <span class='ocrx_word' id='word_1_165' title='bbox 435 1427 509 1465; x_wconf 89' lang='lat' dir='ltr'>fida</span> <span class='ocrx_word' id='word_1_166' title='bbox 537 1428 721 1466; x_wconf 87' lang='lat' dir='ltr'>oratione.</span> <span class='ocrx_word' id='word_1_167' title='bbox 779 1434 988 1478; x_wconf 91' lang='lat' dir='ltr'>cunctaque</span> <span class='ocrx_word' id='word_1_168' title='bbox 1021 1440 1120 1478; x_wconf 87' lang='lat' dir='ltr'>quae</span> <span class='ocrx_word' id='word_1_169' title='bbox 1150 1427 1401 1467; x_wconf 86' lang='lat' dir='ltr'>Germanicus</span> <span class='ocrx_word' id='word_1_170' title='bbox 1430 1429 1486 1466; x_wconf 89' lang='lat' dir='ltr'>in·</span> <span class='ocrx_word' id='word_1_171' title='bbox 1503 1444 1542 1465; x_wconf 89' lang='lat'>20</span> 
     </span>
     <span class='ocr_line' id='line_1_23' title="bbox 160 1492 1247 1541; baseline 0 -10"><span class='ocrx_word' id='word_1_172' title='bbox 160 1492 334 1538; x_wconf 89' lang='lat' dir='ltr'>dulserat‚</span> <span class='ocrx_word' id='word_1_173' title='bbox 355 1492 513 1530; x_wconf 85' lang='lat' dir='ltr'>servavit</span> <span class='ocrx_word' id='word_1_174' title='bbox 532 1492 647 1530; x_wconf 85' lang='lat' dir='ltr'>etiam</span> <span class='ocrx_word' id='word_1_175' title='bbox 667 1492 770 1541; x_wconf 90' lang='lat' dir='ltr'>apud</span> <span class='ocrx_word' id='word_1_176' title='bbox 790 1492 1032 1531; x_wconf 87' lang='lat' dir='ltr'>Pannonicos</span> <span class='ocrx_word' id='word_1_177' title='bbox 1052 1493 1247 1532; x_wconf 86' lang='lat' dir='ltr'>exercitus.</span> 
     </span>
    </p>

    <p class='ocr_par' dir='ltr' id='par_1_9' title="bbox 161 1557 1488 1673">
     <span class='ocr_line' id='line_1_24' title="bbox 215 1557 1488 1609; baseline -0.002 -12"><span class='ocrx_word' id='word_1_178' title='bbox 215 1561 281 1597; x_wconf 88' lang='lat'>53.</span> <span class='ocrx_word' id='word_1_179' title='bbox 310 1557 461 1595; x_wconf 89' lang='lat' dir='ltr'>Eodem</span> <span class='ocrx_word' id='word_1_180' title='bbox 489 1569 592 1595; x_wconf 88' lang='lat' dir='ltr'>anno</span> <span class='ocrx_word' id='word_1_181' title='bbox 623 1557 718 1595; x_wconf 88' lang='lat' dir='ltr'>Iulia</span> <span class='ocrx_word' id='word_1_182' title='bbox 746 1569 970 1608; x_wconf 91' lang='lat' dir='ltr'>supremum</span> <span class='ocrx_word' id='word_1_183' title='bbox 1000 1558 1101 1596; x_wconf 91' lang='lat' dir='ltr'>diem</span> <span class='ocrx_word' id='word_1_184' title='bbox 1122 1559 1225 1605; x_wconf 91' lang='lat' dir='ltr'>obiit,</span> <span class='ocrx_word' id='word_1_185' title='bbox 1245 1558 1296 1598; x_wconf 91' lang='lat' dir='ltr'>ob</span> <span class='ocrx_word' id='word_1_186' title='bbox 1325 1558 1488 1609; x_wconf 87' lang='lat' dir='ltr'>impudi-</span> 
     </span>
     <span class='ocr_line' id='line_1_25' title="bbox 161 1622 1487 1673; baseline 0.001 -13"><span class='ocrx_word' id='word_1_187' title='bbox 161 1622 288 1660; x_wconf 88' lang='lat' dir='ltr'>citiam</span> <span class='ocrx_word' id='word_1_188' title='bbox 314 1622 406 1660; x_wconf 93' lang='lat' dir='ltr'>olim</span> <span class='ocrx_word' id='word_1_189' title='bbox 435 1635 458 1661; x_wconf 93' lang='lat' dir='ltr'>a</span> <span class='ocrx_word' id='word_1_190' title='bbox 485 1629 592 1672; x_wconf 88' lang='lat' dir='ltr'>patre</span> <span class='ocrx_word' id='word_1_191' title='bbox 612 1623 789 1672; x_wconf 88' lang='lat' dir='ltr'>Augusto</span> <span class='ocrx_word' id='word_1_192' title='bbox 819 1622 1047 1661; x_wconf 86' lang='lat' dir='ltr'>Pandateria</span> <span class='ocrx_word' id='word_1_193' title='bbox 1074 1623 1208 1670; x_wconf 86' lang='lat' dir='ltr'>insula,</span> <span class='ocrx_word' id='word_1_194' title='bbox 1230 1635 1322 1662; x_wconf 82' lang='lat' dir='ltr'>mox</span> <span class='ocrx_word' id='word_1_195' title='bbox 1343 1623 1487 1673; x_wconf 88' lang='lat' dir='ltr'>oppido</span> 
     </span>
    </p>

    <p class='ocr_par' dir='ltr' id='par_1_10' title="bbox 120 1687 1540 1867">
     <span class='ocr_line' id='line_1_26' title="bbox 120 1687 1489 1737; baseline -0.001 -10"><span class='ocrx_word' id='word_1_196' title='bbox 120 1698 142 1727; x_wconf 85' lang='lat'>2</span> <span class='ocrx_word' id='word_1_197' title='bbox 162 1687 412 1737; x_wconf 85' lang='lat' dir='ltr'>Reginorum,</span> <span class='ocrx_word' id='word_1_198' title='bbox 437 1687 501 1737; x_wconf 91' lang='lat' dir='ltr'>qui</span> <span class='ocrx_word' id='word_1_199' title='bbox 531 1687 700 1726; x_wconf 91' lang='lat' dir='ltr'>Siculum</span> <span class='ocrx_word' id='word_1_200' title='bbox 728 1687 865 1726; x_wconf 90' lang='lat' dir='ltr'>fretum</span> <span class='ocrx_word' id='word_1_201' title='bbox 894 1688 1084 1735; x_wconf 86' lang='lat' dir='ltr'>accolunt,</span> <span class='ocrx_word' id='word_1_202' title='bbox 1105 1689 1245 1726; x_wconf 89' lang='lat' dir='ltr'>clausa.</span> <span class='ocrx_word' id='word_1_203' title='bbox 1301 1688 1422 1727; x_wconf 87' lang='lat' dir='ltr'>fuerat</span> <span class='ocrx_word' id='word_1_204' title='bbox 1450 1689 1489 1725; x_wconf 91' lang='lat' dir='ltr'>in</span> 
     </span>
     <span class='ocr_line' id='line_1_27' title="bbox 160 1752 1540 1800; baseline 0.001 -11"><span class='ocrx_word' id='word_1_205' title='bbox 160 1753 403 1790; x_wconf 83' lang='lat' dir='ltr'>matrimonio</span> <span class='ocrx_word' id='word_1_206' title='bbox 441 1752 587 1790; x_wconf 90' lang='lat' dir='ltr'>Tiberii</span> <span class='ocrx_word' id='word_1_207' title='bbox 624 1752 845 1791; x_wconf 89' lang='lat' dir='ltr'>florentibus</span> <span class='ocrx_word' id='word_1_208' title='bbox 884 1752 983 1791; x_wconf 87' lang='lat' dir='ltr'>Gaio</span> <span class='ocrx_word' id='word_1_209' title='bbox 1022 1760 1060 1791; x_wconf 89' lang='lat' dir='ltr'>et</span> <span class='ocrx_word' id='word_1_210' title='bbox 1097 1753 1217 1791; x_wconf 90' lang='lat' dir='ltr'>Lucio</span> <span class='ocrx_word' id='word_1_211' title='bbox 1256 1752 1484 1792; x_wconf 88' lang='lat' dir='ltr'>Caesaribus</span> <span class='ocrx_word' id='word_1_212' title='bbox 1504 1770 1540 1800; x_wconf 81' lang='lat'>25</span> 
     </span>
     <span class='ocr_line' id='line_1_28' title="bbox 161 1817 1490 1867; baseline 0.002 -13"><span class='ocrx_word' id='word_1_213' title='bbox 161 1824 426 1867; x_wconf 87' lang='lat' dir='ltr'>spreveratque</span> <span class='ocrx_word' id='word_1_214' title='bbox 445 1824 487 1855; x_wconf 92' lang='lat' dir='ltr'>ut</span> <span class='ocrx_word' id='word_1_215' title='bbox 514 1818 708 1867; x_wconf 88' lang='lat' dir='ltr'>inparem;</span> <span class='ocrx_word' id='word_1_216' title='bbox 738 1830 810 1856; x_wconf 91' lang='lat' dir='ltr'>nec</span> <span class='ocrx_word' id='word_1_217' title='bbox 835 1817 907 1855; x_wconf 87' lang='lat' dir='ltr'>alia</span> <span class='ocrx_word' id='word_1_218' title='bbox 930 1825 1008 1855; x_wconf 88' lang='lat' dir='ltr'>tam</span> <span class='ocrx_word' id='word_1_219' title='bbox 1038 1818 1172 1856; x_wconf 90' lang='lat' dir='ltr'>intima</span> <span class='ocrx_word' id='word_1_220' title='bbox 1192 1817 1348 1856; x_wconf 90' lang='lat' dir='ltr'>Tiberio</span> <span class='ocrx_word' id='word_1_221' title='bbox 1375 1830 1490 1857; x_wconf 89' lang='lat' dir='ltr'>causa</span> 
     </span>
    </p>

    <p class='ocr_par' dir='ltr' id='par_1_11' title="bbox 122 1881 1491 2062">
     <span class='ocr_line' id='line_1_29' title="bbox 122 1881 1491 1932; baseline 0.001 -12"><span class='ocrx_word' id='word_1_222' title='bbox 122 1897 144 1926; x_wconf 87' lang='lat'><strong>3</strong></span> <span class='ocrx_word' id='word_1_223' title='bbox 163 1893 229 1920; x_wconf 90' lang='lat' dir='ltr'>cur</span> <span class='ocrx_word' id='word_1_224' title='bbox 257 1881 441 1920; x_wconf 90' lang='lat' dir='ltr'>Rhodum</span> <span class='ocrx_word' id='word_1_225' title='bbox 467 1883 701 1921; x_wconf 88' lang='lat' dir='ltr'>abscederet.</span> <span class='ocrx_word' id='word_1_226' title='bbox 757 1882 958 1932; x_wconf 89' lang='lat' dir='ltr'>imperium</span> <span class='ocrx_word' id='word_1_227' title='bbox 987 1883 1148 1932; x_wconf 88' lang='lat' dir='ltr'>adeptus</span> <span class='ocrx_word' id='word_1_228' title='bbox 1177 1890 1377 1931; x_wconf 86' lang='lat' dir='ltr'>extorrem,</span> <span class='ocrx_word' id='word_1_229' title='bbox 1397 1883 1491 1921; x_wconf 87' lang='lat' dir='ltr'>infa-</span> 
     </span>
     <span class='ocr_line' id='line_1_30' title="bbox 161 1947 1489 1998; baseline 0.002 -15"><span class='ocrx_word' id='word_1_230' title='bbox 161 1958 264 1983; x_wconf 90' lang='lat' dir='ltr'>mem</span> <span class='ocrx_word' id='word_1_231' title='bbox 277 1953 413 1997; x_wconf 91' lang='lat' dir='ltr'>etpost</span> <span class='ocrx_word' id='word_1_232' title='bbox 427 1947 668 1986; x_wconf 87' lang='lat' dir='ltr'>interfectum</span> <span class='ocrx_word' id='word_1_233' title='bbox 684 1947 909 1986; x_wconf 90' lang='lat' dir='ltr'>Postumum</span> <span class='ocrx_word' id='word_1_234' title='bbox 926 1947 1140 1998; x_wconf 85' lang='lat' dir='ltr'>Agrippam</span> <span class='ocrx_word' id='word_1_235' title='bbox 1158 1947 1283 1986; x_wconf 90' lang='lat' dir='ltr'>omnis</span> <span class='ocrx_word' id='word_1_236' title='bbox 1300 1947 1381 1998; x_wconf 89' lang='lat' dir='ltr'>spei</span> <span class='ocrx_word' id='word_1_237' title='bbox 1401 1961 1489 1998; x_wconf 86' lang='lat' dir='ltr'>ege-</span> 
     </span>
     <span class='ocr_line' id='line_1_31' title="bbox 163 2011 1487 2062; baseline 0.003 -15"><span class='ocrx_word' id='word_1_238' title='bbox 163 2022 253 2048; x_wconf 90' lang='lat' dir='ltr'>nam</span> <span class='ocrx_word' id='word_1_239' title='bbox 272 2011 400 2061; x_wconf 90' lang='lat' dir='ltr'>inopia</span> <span class='ocrx_word' id='word_1_240' title='bbox 419 2024 464 2050; x_wconf 88' lang='lat' dir='ltr'>ac</span> <span class='ocrx_word' id='word_1_241' title='bbox 484 2013 571 2050; x_wconf 91' lang='lat' dir='ltr'>tabe</span> <span class='ocrx_word' id='word_1_242' title='bbox 595 2011 712 2062; x_wconf 85' lang='lat' dir='ltr'>longa</span> <span class='ocrx_word' id='word_1_243' title='bbox 730 2012 899 2062; x_wconf 89' lang='lat' dir='ltr'>peremit,</span> <span class='ocrx_word' id='word_1_244' title='bbox 920 2013 1125 2050; x_wconf 88' lang='lat' dir='ltr'>obscuram</span> <span class='ocrx_word' id='word_1_245' title='bbox 1145 2013 1225 2051; x_wconf 85' lang='lat' dir='ltr'>fore</span> <span class='ocrx_word' id='word_1_246' title='bbox 1245 2025 1382 2051; x_wconf 89' lang='lat' dir='ltr'>necem</span> <span class='ocrx_word' id='word_1_247' title='bbox 1403 2013 1487 2050; x_wconf 91' lang='lat' dir='ltr'>lon-</span> 
     </span>
    </p>

    <p class='ocr_par' dir='ltr' id='par_1_12' title="bbox 121 2075 1543 2257">
     <span class='ocr_line' id='line_1_32' title="bbox 121 2075 1543 2128; baseline 0.003 -17"><span class='ocrx_word' id='word_1_248' title='bbox 121 2090 144 2119; x_wconf 82' lang='lat'>4</span> <span class='ocrx_word' id='word_1_249' title='bbox 162 2075 369 2125; x_wconf 88' lang='lat' dir='ltr'>ginquitate</span> <span class='ocrx_word' id='word_1_250' title='bbox 400 2076 498 2115; x_wconf 88' lang='lat' dir='ltr'>exilii</span> <span class='ocrx_word' id='word_1_251' title='bbox 528 2084 642 2115; x_wconf 89' lang='lat' dir='ltr'>ratus.</span> <span class='ocrx_word' id='word_1_252' title='bbox 697 2089 765 2127; x_wconf 91' lang='lat' dir='ltr'>par</span> <span class='ocrx_word' id='word_1_253' title='bbox 795 2089 911 2115; x_wconf 87' lang='lat' dir='ltr'>causa</span> <span class='ocrx_word' id='word_1_254' title='bbox 940 2078 1117 2116; x_wconf 88' lang='lat' dir='ltr'>saevitiae</span> <span class='ocrx_word' id='word_1_255' title='bbox 1147 2078 1186 2116; x_wconf 91' lang='lat' dir='ltr'>in</span> <span class='ocrx_word' id='word_1_256' title='bbox 1215 2077 1486 2128; x_wconf 90' lang='lat' dir='ltr'>Sempronium</span> <span class='ocrx_word' id='word_1_257' title='bbox 1503 2093 1543 2125; x_wconf 82' lang='lat'>30</span> 
     </span>
     <span class='ocr_line' id='line_1_33' title="bbox 163 2139 1490 2194; baseline 0.003 -17"><span class='ocrx_word' id='word_1_258' title='bbox 163 2139 393 2183; x_wconf 87' lang='lat' dir='ltr'>Gracchum,</span> <span class='ocrx_word' id='word_1_259' title='bbox 418 2141 482 2191; x_wconf 90' lang='lat' dir='ltr'>qui</span> <span class='ocrx_word' id='word_1_260' title='bbox 511 2140 651 2179; x_wconf 90' lang='lat' dir='ltr'>familia</span> <span class='ocrx_word' id='word_1_261' title='bbox 679 2141 809 2188; x_wconf 89' lang='lat' dir='ltr'>nobili,</span> <span class='ocrx_word' id='word_1_262' title='bbox 830 2141 961 2180; x_wconf 90' lang='lat' dir='ltr'>sollers</span> <span class='ocrx_word' id='word_1_263' title='bbox 991 2143 1146 2192; x_wconf 89' lang='lat' dir='ltr'>ingenio</span> <span class='ocrx_word' id='word_1_264' title='bbox 1167 2149 1204 2181; x_wconf 87' lang='lat' dir='ltr'>et</span> <span class='ocrx_word' id='word_1_265' title='bbox 1224 2155 1337 2194; x_wconf 89' lang='lat' dir='ltr'>prave</span> <span class='ocrx_word' id='word_1_266' title='bbox 1359 2143 1490 2181; x_wconf 82' lang='lat' dir='ltr'>facun-</span> 
     </span>
     <span class='ocr_line' id='line_1_34' title="bbox 163 2203 1489 2257; baseline 0.003 -16"><span class='ocrx_word' id='word_1_267' title='bbox 163 2203 243 2249; x_wconf 88' lang='lat' dir='ltr'>dus,</span> <span class='ocrx_word' id='word_1_268' title='bbox 265 2205 428 2242; x_wconf 88' lang='lat' dir='ltr'>eandem</span> <span class='ocrx_word' id='word_1_269' title='bbox 457 2205 594 2243; x_wconf 86' lang='lat' dir='ltr'>Iuliam</span> <span class='ocrx_word' id='word_1_270' title='bbox 621 2206 660 2243; x_wconf 91' lang='lat' dir='ltr'>in</span> <span class='ocrx_word' id='word_1_271' title='bbox 689 2206 931 2245; x_wconf 88' lang='lat' dir='ltr'>matrimonio</span> <span class='ocrx_word' id='word_1_272' title='bbox 961 2206 1082 2244; x_wconf 89' lang='lat' dir='ltr'>Marci</span> <span class='ocrx_word' id='word_1_273' title='bbox 1102 2207 1298 2257; x_wconf 89' lang='lat' dir='ltr'>Agrippae</span> <span class='ocrx_word' id='word_1_274' title='bbox 1328 2214 1489 2245; x_wconf 88' lang='lat' dir='ltr'>temera-</span> 
     </span>
    </p>
   </div>
   <div class='ocr_carea' id='block_1_3' title="bbox 490 2270 616 2279">
    <p class='ocr_par' dir='ltr' id='par_1_13' title="bbox 490 2270 616 2279">
     <span class='ocr_line' id='line_1_35' title="bbox 490 2270 616 2279; baseline 0.016 -2"><span class='ocrx_word' id='word_1_275' title='bbox 490 2270 616 2279; x_wconf 62' lang='lat' dir='ltr'>nov·</span> 
     </span>
    </p>
   </div>
   <div class='ocr_carea' id='block_1_4' title="bbox 121 2269 1489 2323">
    <p class='ocr_par' dir='ltr' id='par_1_14' title="bbox 121 2269 1489 2323">
     <span class='ocr_line' id='line_1_36' title="bbox 121 2269 1489 2323; baseline 0.004 -18"><span class='ocrx_word' id='word_1_276' title='bbox 121 2279 143 2309; x_wconf 86' lang='lat'><strong>5</strong></span> <span class='ocrx_word' id='word_1_277' title='bbox 163 2275 273 2307; x_wconf 87' lang='lat' dir='ltr'>verat.</span> <span class='ocrx_word' id='word_1_278' title='bbox 330 2280 400 2307; x_wconf 92' lang='lat' dir='ltr'>nec</span> <span class='ocrx_word' id='word_1_279' title='bbox 420 2269 451 2307; x_wconf 89' lang='lat' dir='ltr'>is</span> <span class='ocrx_word' id='word_1_280' title='bbox 474 2269 618 2308; x_wconf 81' lang='lat' dir='ltr'>l1b1d1n1</span> <span class='ocrx_word' id='word_1_281' title='bbox 636 2270 743 2309; x_wconf 89' lang='lat' dir='ltr'>finis:</span> <span class='ocrx_word' id='word_1_282' title='bbox 774 2271 948 2309; x_wconf 89' lang='lat' dir='ltr'>traditam</span> <span class='ocrx_word' id='word_1_283' title='bbox 969 2270 1126 2310; x_wconf 88' lang='lat' dir='ltr'>Tiberio</span> <span class='ocrx_word' id='word_1_284' title='bbox 1145 2272 1321 2323; x_wconf 80' lang='lat' dir='ltr'>pervicax</span> <span class='ocrx_word' id='word_1_285' title='bbox 1342 2271 1489 2310; x_wconf 87' lang='lat' dir='ltr'>adulter</span> 
     </span>
    </p>
   </div>
  </div>
 </body>
</html>
