1612 2493
155 64 204 99 80
454 66 692 99 CORNELII
720 67 779 99 TA
788 67 894 99 CJTJ
916 68 1192 100 ANNALJCM
1244 61 1382 116 [auc.
1405 71 1478 112 768·

160 169 369 218 legatorum
399 171 708 220 tribunorumque
739 171 840 208 nulla
869 171 1076 210 ambitione
1107 173 1310 212 fortissimo
1344 175 1478 226 cuique

162 235 329 272 bellatori
350 235 471 281 tradit,
491 243 532 272 ut
557 235 607 291 l‘ii,
627 247 718 273 mox
742 236 860 284 pedes
887 235 925 272 in
952 236 1102 274 hostem
1127 238 1355 276 invaderent.

214 304 284 337 68.
315 300 431 337 Haud
458 300 582 337 minus
610 300 756 348 inquies
788 300 1001 337 Germanus
1035 313 1114 350 spe,
1150 303 1326 351 cupidine
1356 310 1392 341 et
1421 304 1478 341 di-

161 364 273 401 versis
315 364 453 401 ducum
495 364 687 401 sententiis
727 365 874 413 agebat,
918 365 1091 402 Arminio
1138 366 1304 404 sinerent
1349 368 1478 416 egredi

127 445 141 472 f
161 440 409 478 egressosque
442 440 589 465 rursum
627 440 694 477 per
726 428 855 465 umida
889 436 925 465 et
964 429 1129 478 inpedita
1167 430 1479 469 circumvenirent

164 493 356 537 suadente,
382 493 569 529 atrociora
600 492 845 541 Inguiomero
878 499 914 530 et
942 493 1040 530 laeta
1070 494 1250 540 barbaris,
1273 502 1314 532 ut
1343 496 1478 533 vallum

162 557 276 593 armis
305 557 514 594 ambirent:
542 566 760 605 promptam
790 557 1126 606 expugnationem,
1151 559 1276 608 plures
1301 561 1480 609 captivos,

163 622 422 670 incorruptam
452 621 634 670 praedam
655 621 744 658 fore.
802 621 912 670 igitur
933 630 1014 659 orta
1044 622 1104 659 die
1133 630 1317 674 proruunt
1348 624 1480 670 fossas,
1499 636 1521 665 2

164 686 320 722 iniciunt
352 693 484 730 crates,
514 697 662 722 summa
693 685 777 722 valli
811 693 1005 735 prensant,
1033 698 1119 724 raro
1153 699 1266 736 super
1296 688 1411 726 milite
1445 695 1482 726 et

114 751 270 799 roquasi
309 750 360 787 ob
397 757 539 787 metum
583 750 720 787 defixo.
789 757 995 800 postquam
1033 751 1188 788 haesere
1226 752 1522 798 munimentis,3

163 816 271 852 datur
307 814 524 852 cohortibus
564 814 716 864 signum
756 826 974 864 cornuaque
1011 827 1056 852 ac
1094 816 1206 853 tubae
1243 817 1480 854 concinuere.

164 880 264 916 exim
307 880 471 917 clamore
511 886 548 916 et
590 880 732 928 impetu
772 879 887 928 tergis
931 879 1213 917 Germanorum
1255 880 1523 922 circumfun-4

165 944 313 988 duntur,
337 944 611 992 exprobrantes
635 956 714 981 non
740 942 802 981 hic
831 943 940 981 silvas
969 956 1039 981 nec
1068 944 1237 993 paludes,
1259 945 1326 982 sed
1352 946 1483 995 aequis

164 1008 258 1046 locis
291 1020 434 1057 aequos
467 1008 572 1045 deos.
598 1058 599 1061 Ἴ
627 1007 728 1045 hosti
757 1007 865 1045 facile
892 1008 1083 1045 excidium
1112 1017 1148 1046 et
1178 1021 1322 1058 paucos
1353 1021 1397 1046 ac
1424 1021 1483 1046 se-
1501 1023 1524 1052 5

117 1089 149 1119 15
165 1085 330 1111 mermos
367 1072 548 1122 cogitanti
581 1084 698 1109 sonus
730 1073 914 1118 tubarum,
946 1073 1069 1121 fulgor
1102 1085 1306 1117 armorum,
1341 1080 1484 1123 quanto

165 1138 331 1187 inopina,
368 1144 474 1174 tanto
508 1137 653 1174 maiora
689 1137 948 1193 offundgnjur,
983 1137 1257 1187 cadebantque,
1295 1145 1336 1175 ut
1372 1139 1483 1175 rebus

166 1202 342 1239 secundis
372 1202 479 1245 avidi,
512 1202 562 1238 ita
593 1201 759 1238 adversis
796 1201 946 1238 incauti.
1003 1202 1194 1239 Arminius
1216 1203 1382 1251 -integer,
1418 1203 1524 1242 In-6

165 1269 382 1316 guiomerus
419 1273 506 1316 post
544 1278 657 1315 grave
694 1265 829 1303 vulnus
870 1277 1041 1315 pugnam
1082 1266 1308 1304 deseruere:
1351 1267 1484 1315 vulgus

165 1332 391 1369 trucidatum
417 1337 484 1375 est,
508 1331 631 1368 donec
657 1330 711 1367 ira
737 1337 774 1367 et
803 1330 882 1368 dies
912 1331 1130 1380 permansit.
1188 1337 1299 1369 nocte
1329 1331 1483 1368 demum
1502 1341 1524 1373 ‘7

115 1412 155 1435 20
167 1408 337 1434 reversae
368 1396 551 1444 legiones,
585 1395 755 1444 quamvis
788 1395 872 1444 plus
902 1395 1108 1440 vulnerum,
1141 1396 1276 1432 eadem
1314 1395 1484 1432 ciborum

166 1469 314 1510 egestas
351 1459 532 1510 fatigaret,
566 1460 640 1495 vim
680 1460 878 1496 sanitatem
908 1460 1051 1509 copias,
1083 1466 1219 1497 cuncta
1253 1460 1292 1496 in
1326 1459 1482 1497 victoria

166 1526 342 1563 habuere.

222 1595 292 1628 69.
322 1589 538 1627 Pervaserat
568 1589 717 1626 interim
750 1588 993 1626 circumventi
1023 1589 1208 1626 exercitus
1242 1588 1345 1626 fama
1369 1596 1405 1626 et
1428 1589 1486 1626 in-

167 1655 262 1692 festo
301 1654 581 1693 Germanorum
619 1654 772 1702 agmine
811 1653 954 1691 Gallias
992 1654 1079 1703 peti,
1119 1666 1162 1691 ac
1194 1654 1231 1690 ni
1274 1654 1487 1703 Agrippina

118 1736 154 1766 25
169 1720 373 1768 inpositum
397 1719 536 1756 Rheno
562 1725 719 1767 pontem
747 1718 840 1755 solvi
860 1718 1124 1767 prohibuisset,
1146 1726 1250 1755 erant
1270 1719 1333 1767 qui
1356 1718 1391 1755 id
1417 1717 1486 1755 fla-

168 1785 299 1833 gitium
324 1783 523 1821 formidine
548 1782 740 1820 auderent.
798 1782 863 1820 sed
887 1782 1028 1820 femina
1057 1783 1191 1831 ingens
1217 1783 1332 1820 animi
1359 1782 1487 1819 munia
1506 1793 1529 1822 2

169 1849 274 1886 ducis
307 1860 376 1897 per
408 1859 475 1885 eos
509 1847 588 1884 dies
622 1847 751 1888 induit,
783 1847 1046 1896 militibusque,
1080 1854 1120 1884 ut
1157 1838 1239 1896 quis
1276 1847 1386 1895 inops
1425 1852 1488 1883 aut

169 1914 328 1958 saucius,
357 1920 499 1949 vestem
533 1919 569 1949 et
600 1911 769 1949 fomenta
800 1912 969 1960 dilargita
1000 1918 1065 1948 est.
1122 1911 1231 1948 tradit
1259 1911 1302 1948 C.
1334 1911 1486 1956 Plinius,
1507 1921 1529 1952 3

170 1978 486 2015 Germanicorum
520 1976 705 2013 bellorum
739 1976 909 2025 scriptor,
944 1976 1087 2013 stetisse
1121 1963 1223 2025 apud
1260 1975 1487 2024 principium

118 2059 158 2089 30
171 2042 311 2091 pontis,
347 2041 477 2078 laudes
515 2048 552 2078 et
588 2047 711 2090 grates
744 2041 899 2078 reversis
936 2039 1148 2089 legionibus
1182 2039 1395 2076 habentem.
1451 2038 1531 2092 id}

170 2106 311 2144 Tiberii
349 2106 518 2142 animum
551 2105 658 2142 altius
692 2105 925 2154 penetravit:
955 2117 1032 2142 non
1067 2104 1168 2140 enim
1201 2103 1391 2153 simplices
1425 2094 1516 2157 eas¹

171 2183 291 2215 curas,
325 2181 395 2207 nec
428 2168 606 2207 adversus
640 2177 817 2206 externos
849 2169 971 2206 studia
1008 2168 1168 2205 militum
1202 2167 1342 2216 quaeri.
1397 2166 1530 2204 nihile

170 2235 339 2273 relictum
362 2234 661 2284 imperatoribus,
681 2233 745 2271 ubi
768 2233 907 2271 femina
926 2232 1141 2282 manipulos
1161 2231 1360 2278 intervisat,
1381 2231 1490 2281 signa
