<?xml version="1.0" encoding="UTF-8"?>
<!DOCTYPE html PUBLIC "-//W3C//DTD XHTML 1.0 Transitional//EN"
    "http://www.w3.org/TR/xhtml1/DTD/xhtml1-transitional.dtd">
<html xmlns="http://www.w3.org/1999/xhtml" xml:lang="en" lang="en">
 <head>
  <title>
</title>
<meta http-equiv="Content-Type" content="text/html;charset=utf-8" />
  <meta name='ocr-system' content='tesseract 3.04.00' />
  <meta name='ocr-capabilities' content='ocr_page ocr_carea ocr_par ocr_line ocrx_word'/>
</head>
<body>
  <div class='ocr_page' id='page_1' title='image "annaliumliberi00taciuoft_0085.png"; bbox 0 0 1612 2493; ppageno 0'>
   <div class='ocr_carea' id='block_1_1' title="bbox 125 72 1445 126">
    <p class='ocr_par' dir='ltr' id='par_1_1' title="bbox 125 72 1445 126">
     <span class='ocr_line' id='line_1_1' title="bbox 125 72 1445 126; baseline 0.002 -14"><span class='ocrx_word' id='word_1_1' title='bbox 125 86 198 112; x_wconf 46' lang='lat' dir='ltr'>an.</span> <span class='ocrx_word' id='word_1_2' title='bbox 221 72 289 126; x_wconf 52' lang='lat'>15]</span> <span class='ocrx_word' id='word_1_3' title='bbox 509 80 661 111; x_wconf 75' lang='lat' dir='ltr'><em>Llh’ER</em></span> <span class='ocrx_word' id='word_1_4' title='bbox 688 80 719 111; x_wconf 88' lang='lat' dir='ltr'>l.</span> <span class='ocrx_word' id='word_1_5' title='bbox 772 80 871 112; x_wconf 75' lang='lat' dir='ltr'><em>CAP.</em></span> <span class='ocrx_word' id='word_1_6' title='bbox 902 77 1039 123; x_wconf 70' lang='lat'><strong>60-64.</strong></span> <span class='ocrx_word' id='word_1_7' title='bbox 1398 81 1445 119; x_wconf 76' lang='lat'>-77</span> 
     </span>
    </p>
   </div>
   <div class='ocr_carea' id='block_1_2' title="bbox 83 182 1498 2301">
    <p class='ocr_par' dir='ltr' id='par_1_2' title="bbox 85 182 1446 298">
     <span class='ocr_line' id='line_1_2' title="bbox 85 182 1446 235; baseline 0.001 -16"><span class='ocrx_word' id='word_1_8' title='bbox 85 182 352 221; x_wconf 87' lang='lat' dir='ltr'>2condebant.</span> <span class='ocrx_word' id='word_1_9' title='bbox 409 183 573 233; x_wconf 89' lang='lat' dir='ltr'>primum</span> <span class='ocrx_word' id='word_1_10' title='bbox 617 183 825 222; x_wconf 85' lang='lat' dir='ltr'>extruendo</span> <span class='ocrx_word' id='word_1_11' title='bbox 867 184 1013 222; x_wconf 89' lang='lat' dir='ltr'>tumulo</span> <span class='ocrx_word' id='word_1_12' title='bbox 1055 185 1262 235; x_wconf 79' lang='lat' dir='ltr'><strong>caespitem</strong></span> <span class='ocrx_word' id='word_1_13' title='bbox 1305 185 1446 223; x_wconf 87' lang='lat' dir='ltr'>Caesar</span> 
     </span>
     <span class='ocr_line' id='line_1_3' title="bbox 124 248 1445 298; baseline 0.002 -14"><span class='ocrx_word' id='word_1_14' title='bbox 124 248 261 296; x_wconf 86' lang='lat' dir='ltr'>posuit,</span> <span class='ocrx_word' id='word_1_15' title='bbox 290 248 505 297; x_wconf 87' lang='lat' dir='ltr'>gratissimo</span> <span class='ocrx_word' id='word_1_16' title='bbox 535 261 691 286; x_wconf 91' lang='lat' dir='ltr'>munere</span> <span class='ocrx_word' id='word_1_17' title='bbox 719 249 758 285; x_wconf 90' lang='lat' dir='ltr'>in</span> <span class='ocrx_word' id='word_1_18' title='bbox 789 248 987 287; x_wconf 88' lang='lat' dir='ltr'>defunctos</span> <span class='ocrx_word' id='word_1_19' title='bbox 1019 256 1055 286; x_wconf 90' lang='lat' dir='ltr'>et</span> <span class='ocrx_word' id='word_1_20' title='bbox 1083 250 1345 298; x_wconf 88' lang='lat' dir='ltr'>praesentibus</span> <span class='ocrx_word' id='word_1_21' title='bbox 1376 249 1445 286; x_wconf 87' lang='lat' dir='ltr'>do-</span> 
     </span>
    </p>

    <p class='ocr_par' dir='ltr' id='par_1_3' title="bbox 85 312 1478 620">
     <span class='ocr_line' id='line_1_4' title="bbox 85 312 1444 362; baseline 0.003 -16"><span class='ocrx_word' id='word_1_22' title='bbox 85 316 106 346; x_wconf 84' lang='lat'>3</span> <span class='ocrx_word' id='word_1_23' title='bbox 124 312 214 349; x_wconf 90' lang='lat' dir='ltr'>loris</span> <span class='ocrx_word' id='word_1_24' title='bbox 243 313 379 350; x_wconf 91' lang='lat' dir='ltr'>socius.</span> <span class='ocrx_word' id='word_1_25' title='bbox 437 313 538 362; x_wconf 91' lang='lat' dir='ltr'>quod</span> <span class='ocrx_word' id='word_1_26' title='bbox 559 312 714 350; x_wconf 90' lang='lat' dir='ltr'>Tiberio</span> <span class='ocrx_word' id='word_1_27' title='bbox 739 313 839 350; x_wconf 91' lang='lat' dir='ltr'>haud</span> <span class='ocrx_word' id='word_1_28' title='bbox 866 314 1079 362; x_wconf 83' lang='lat' dir='ltr'>probatum,</span> <span class='ocrx_word' id='word_1_29' title='bbox 1102 325 1169 351; x_wconf 91' lang='lat' dir='ltr'>seu</span> <span class='ocrx_word' id='word_1_30' title='bbox 1190 321 1327 351; x_wconf 86' lang='lat' dir='ltr'>cuncta</span> <span class='ocrx_word' id='word_1_31' title='bbox 1349 312 1444 350; x_wconf 89' lang='lat' dir='ltr'>Ger-</span> 
     </span>
     <span class='ocr_line' id='line_1_5' title="bbox 124 377 1443 427; baseline 0.001 -14"><span class='ocrx_word' id='word_1_32' title='bbox 124 377 264 414; x_wconf 82' lang='lat' dir='ltr'>manici</span> <span class='ocrx_word' id='word_1_33' title='bbox 283 377 321 413; x_wconf 90' lang='lat' dir='ltr'>in</span> <span class='ocrx_word' id='word_1_34' title='bbox 342 377 501 414; x_wconf 89' lang='lat' dir='ltr'>deterius</span> <span class='ocrx_word' id='word_1_35' title='bbox 530 377 701 422; x_wconf 85' lang='lat' dir='ltr'>trahenti,</span> <span class='ocrx_word' id='word_1_36' title='bbox 724 377 800 414; x_wconf 91' lang='lat' dir='ltr'>sive</span> <span class='ocrx_word' id='word_1_37' title='bbox 825 378 1033 416; x_wconf 85' lang='lat' dir='ltr'>exercitum</span> <span class='ocrx_word' id='word_1_38' title='bbox 1059 379 1224 427; x_wconf 86' lang='lat' dir='ltr'>imagine</span> <span class='ocrx_word' id='word_1_39' title='bbox 1245 390 1443 416; x_wconf 90' lang='lat' dir='ltr'>caesorum</span> 
     </span>
     <span class='ocr_line' id='line_1_6' title="bbox 123 441 1478 491; baseline 0.001 -14"><span class='ocrx_word' id='word_1_40' title='bbox 123 441 475 491; x_wconf 84' lang='lat' dir='ltr'>insepultorumque</span> <span class='ocrx_word' id='word_1_41' title='bbox 517 442 704 479; x_wconf 89' lang='lat' dir='ltr'>tardatum</span> <span class='ocrx_word' id='word_1_42' title='bbox 745 441 793 479; x_wconf 94' lang='lat' dir='ltr'>ad</span> <span class='ocrx_word' id='word_1_43' title='bbox 832 442 975 491; x_wconf 92' lang='lat' dir='ltr'>proelia</span> <span class='ocrx_word' id='word_1_44' title='bbox 1017 450 1054 480; x_wconf 91' lang='lat' dir='ltr'>et</span> <span class='ocrx_word' id='word_1_45' title='bbox 1096 442 1442 480; x_wconf 82' lang='lat' dir='ltr'>formidolosiorem</span> <span class='ocrx_word' id='word_1_46' title='bbox 1462 459 1478 488; x_wconf 80' lang='lat'>5</span> 
     </span>
     <span class='ocr_line' id='line_1_7' title="bbox 123 505 1445 556; baseline 0.001 -14"><span class='ocrx_word' id='word_1_47' title='bbox 123 505 290 542; x_wconf 89' lang='lat' dir='ltr'>hostium</span> <span class='ocrx_word' id='word_1_48' title='bbox 319 506 497 543; x_wconf 89' lang='lat' dir='ltr'>credebat</span> <span class='ocrx_word' id='word_1_49' title='bbox 513 520 522 553; x_wconf 88' lang='lat'>;</span> <span class='ocrx_word' id='word_1_50' title='bbox 552 518 676 556; x_wconf 87' lang='lat' dir='ltr'>neque</span> <span class='ocrx_word' id='word_1_51' title='bbox 703 506 969 554; x_wconf 79' lang='lat' dir='ltr'>imperatorem</span> <span class='ocrx_word' id='word_1_52' title='bbox 998 514 1183 555; x_wconf 87' lang='lat' dir='ltr'>auguratu</span> <span class='ocrx_word' id='word_1_53' title='bbox 1207 513 1243 544; x_wconf 86' lang='lat' dir='ltr'>et</span> <span class='ocrx_word' id='word_1_54' title='bbox 1272 506 1445 543; x_wconf 87' lang='lat' dir='ltr'>vetustis-</span> 
     </span>
     <span class='ocr_line' id='line_1_8' title="bbox 124 569 1344 620; baseline 0.001 -13"><span class='ocrx_word' id='word_1_55' title='bbox 124 569 228 607; x_wconf 89' lang='lat' dir='ltr'>simis</span> <span class='ocrx_word' id='word_1_56' title='bbox 258 571 495 609; x_wconf 85' lang='lat' dir='ltr'>caerimoniis</span> <span class='ocrx_word' id='word_1_57' title='bbox 523 571 733 620; x_wconf 86' lang='lat' dir='ltr'>praeditum</span> <span class='ocrx_word' id='word_1_58' title='bbox 764 570 971 608; x_wconf 81' lang='lat' dir='ltr'>adtrectare</span> <span class='ocrx_word' id='word_1_59' title='bbox 1000 570 1128 608; x_wconf 86' lang='lat' dir='ltr'>feralia</span> <span class='ocrx_word' id='word_1_60' title='bbox 1158 571 1344 608; x_wconf 86' lang='lat' dir='ltr'>debuisse.</span> 
     </span>
    </p>

    <p class='ocr_par' dir='ltr' id='par_1_4' title="bbox 83 634 1496 879">
     <span class='ocr_line' id='line_1_9' title="bbox 179 634 1442 682; baseline 0.001 -10"><span class='ocrx_word' id='word_1_61' title='bbox 179 638 245 673; x_wconf 88' lang='grc'>63.</span> <span class='ocrx_word' id='word_1_62' title='bbox 276 634 351 672; x_wconf 87' lang='lat' dir='ltr'>Sed</span> <span class='ocrx_word' id='word_1_63' title='bbox 378 635 629 673; x_wconf 84' lang='lat' dir='ltr'>Germanicus</span> <span class='ocrx_word' id='word_1_64' title='bbox 650 635 846 673; x_wconf 81' lang='lat' dir='ltr'>cedentem</span> <span class='ocrx_word' id='word_1_65' title='bbox 872 636 911 672; x_wconf 91' lang='lat' dir='ltr'>in</span> <span class='ocrx_word' id='word_1_66' title='bbox 939 636 1021 673; x_wconf 90' lang='lat' dir='ltr'>avia</span> <span class='ocrx_word' id='word_1_67' title='bbox 1041 636 1254 673; x_wconf 90' lang='lat' dir='ltr'>Arminium</span> <span class='ocrx_word' id='word_1_68' title='bbox 1279 642 1442 682; x_wconf 90' lang='lat' dir='ltr'>secutus,</span> 
     </span>
     <span class='ocr_line' id='line_1_10' title="bbox 124 699 1443 750; baseline 0 -14"><span class='ocrx_word' id='word_1_69' title='bbox 124 699 189 736; x_wconf 87' lang='lat' dir='ltr'>ubi</span> <span class='ocrx_word' id='word_1_70' title='bbox 228 700 392 749; x_wconf 90' lang='lat' dir='ltr'>primum</span> <span class='ocrx_word' id='word_1_71' title='bbox 431 699 656 749; x_wconf 77' lang='lat' dir='ltr'>copia‚fuit,</span> <span class='ocrx_word' id='word_1_72' title='bbox 695 700 802 737; x_wconf 89' lang='lat' dir='ltr'>evehi</span> <span class='ocrx_word' id='word_1_73' title='bbox 842 700 986 750; x_wconf 86' lang='lat' dir='ltr'>equites</span> <span class='ocrx_word' id='word_1_74' title='bbox 1025 713 1291 750; x_wconf 84' lang='lat' dir='ltr'>campumque,</span> <span class='ocrx_word' id='word_1_75' title='bbox 1330 712 1443 750; x_wconf 90' lang='lat' dir='ltr'>quem</span> 
     </span>
     <span class='ocr_line' id='line_1_11' title="bbox 83 764 1496 815; baseline 0 -14"><span class='ocrx_word' id='word_1_76' title='bbox 83 771 105 800; x_wconf 83' lang='lat'><strong>2</strong></span> <span class='ocrx_word' id='word_1_77' title='bbox 125 764 241 801; x_wconf 91' lang='lat' dir='ltr'>hostis</span> <span class='ocrx_word' id='word_1_78' title='bbox 271 764 472 810; x_wconf 86' lang='lat' dir='ltr'>insederat,</span> <span class='ocrx_word' id='word_1_79' title='bbox 503 764 594 814; x_wconf 90' lang='lat' dir='ltr'>eripi</span> <span class='ocrx_word' id='word_1_80' title='bbox 622 764 738 802; x_wconf 76' lang='lat' dir='ltr'>iubet,</span> <span class='ocrx_word' id='word_1_81' title='bbox 793 764 986 802; x_wconf 86' lang='lat' dir='ltr'>Arminius</span> <span class='ocrx_word' id='word_1_82' title='bbox 1015 766 1140 815; x_wconf 79' lang='lat' dir='ltr'>colligi</span> <span class='ocrx_word' id='word_1_83' title='bbox 1170 778 1258 803; x_wconf 89' lang='lat' dir='ltr'>suos</span> <span class='ocrx_word' id='word_1_84' title='bbox 1289 772 1325 804; x_wconf 92' lang='lat' dir='ltr'>et</span> <span class='ocrx_word' id='word_1_85' title='bbox 1354 778 1442 815; x_wconf 92' lang='lat' dir='ltr'>pro-</span> <span class='ocrx_word' id='word_1_86' title='bbox 1460 781 1496 802; x_wconf 85' lang='lat'>10</span> 
     </span>
     <span class='ocr_line' id='line_1_12' title="bbox 124 828 1443 879; baseline 0.001 -14"><span class='ocrx_word' id='word_1_87' title='bbox 124 830 307 878; x_wconf 88' lang='lat' dir='ltr'>pinquare</span> <span class='ocrx_word' id='word_1_88' title='bbox 336 829 435 866; x_wconf 88' lang='lat' dir='ltr'>silvis</span> <span class='ocrx_word' id='word_1_89' title='bbox 462 828 628 866; x_wconf 87' lang='lat' dir='ltr'>monitos</span> <span class='ocrx_word' id='word_1_90' title='bbox 654 829 760 866; x_wconf 88' lang='lat' dir='ltr'>vertit</span> <span class='ocrx_word' id='word_1_91' title='bbox 779 836 957 878; x_wconf 89' lang='lat' dir='ltr'>repente:</span> <span class='ocrx_word' id='word_1_92' title='bbox 987 842 1078 868; x_wconf 83' lang='lat' dir='ltr'>mox</span> <span class='ocrx_word' id='word_1_93' title='bbox 1099 831 1248 879; x_wconf 85' lang='lat' dir='ltr'>signum</span> <span class='ocrx_word' id='word_1_94' title='bbox 1270 842 1443 879; x_wconf 91' lang='lat' dir='ltr'>prorum-</span> 
     </span>
    </p>

    <p class='ocr_par' dir='ltr' id='par_1_5' title="bbox 84 892 1493 1138">
     <span class='ocr_line' id='line_1_13' title="bbox 84 892 1442 942; baseline 0.001 -13"><span class='ocrx_word' id='word_1_95' title='bbox 84 900 104 929; x_wconf 83' lang='grc'><strong>3</strong></span> <span class='ocrx_word' id='word_1_96' title='bbox 125 893 240 942; x_wconf 87' lang='lat' dir='ltr'>pendi</span> <span class='ocrx_word' id='word_1_97' title='bbox 265 892 365 930; x_wconf 89' lang='lat' dir='ltr'>dedit</span> <span class='ocrx_word' id='word_1_98' title='bbox 392 893 435 929; x_wconf 91' lang='lat' dir='ltr'>iis</span> <span class='ocrx_word' id='word_1_99' title='bbox 458 904 555 941; x_wconf 88' lang='lat' dir='ltr'>quos</span> <span class='ocrx_word' id='word_1_100' title='bbox 581 905 648 942; x_wconf 91' lang='lat' dir='ltr'>per</span> <span class='ocrx_word' id='word_1_101' title='bbox 677 893 794 931; x_wconf 89' lang='lat' dir='ltr'>saltus</span> <span class='ocrx_word' id='word_1_102' title='bbox 815 894 1078 932; x_wconf 87' lang='lat' dir='ltr'>occultaverat.</span> <span class='ocrx_word' id='word_1_103' title='bbox 1133 901 1224 932; x_wconf 91' lang='lat' dir='ltr'>tunc</span> <span class='ocrx_word' id='word_1_104' title='bbox 1244 907 1343 932; x_wconf 90' lang='lat' dir='ltr'>nova</span> <span class='ocrx_word' id='word_1_105' title='bbox 1364 895 1442 932; x_wconf 90' lang='lat' dir='ltr'>acie</span> 
     </span>
     <span class='ocr_line' id='line_1_14' title="bbox 124 958 1442 1008; baseline 0.002 -14"><span class='ocrx_word' id='word_1_106' title='bbox 124 958 292 995; x_wconf 85' lang='lat' dir='ltr'>turbatus</span> <span class='ocrx_word' id='word_1_107' title='bbox 311 969 438 1006; x_wconf 89' lang='lat' dir='ltr'>eques,</span> <span class='ocrx_word' id='word_1_108' title='bbox 459 958 672 1007; x_wconf 87' lang='lat' dir='ltr'>missaeque</span> <span class='ocrx_word' id='word_1_109' title='bbox 696 958 942 996; x_wconf 87' lang='lat' dir='ltr'>subsidiariae</span> <span class='ocrx_word' id='word_1_110' title='bbox 962 959 1139 997; x_wconf 89' lang='lat' dir='ltr'>cohortes</span> <span class='ocrx_word' id='word_1_111' title='bbox 1163 965 1197 996; x_wconf 93' lang='lat' dir='ltr'>et</span> <span class='ocrx_word' id='word_1_112' title='bbox 1219 959 1442 1008; x_wconf 84' lang='lat' dir='ltr'>fugientium</span> 
     </span>
     <span class='ocr_line' id='line_1_15' title="bbox 124 1022 1442 1074; baseline 0.002 -16"><span class='ocrx_word' id='word_1_113' title='bbox 124 1022 276 1071; x_wconf 90' lang='lat' dir='ltr'>agmine</span> <span class='ocrx_word' id='word_1_114' title='bbox 304 1022 488 1071; x_wconf 86' lang='lat' dir='ltr'>impulsae</span> <span class='ocrx_word' id='word_1_115' title='bbox 512 1029 693 1059; x_wconf 84' lang='lat' dir='ltr'>auxerant</span> <span class='ocrx_word' id='word_1_116' title='bbox 718 1023 1089 1071; x_wconf 82' lang='lat' dir='ltr'>consternationem3</span> <span class='ocrx_word' id='word_1_117' title='bbox 1120 1024 1442 1074; x_wconf 84' lang='lat' dir='ltr'>trudebanturque</span> 
     </span>
     <span class='ocr_line' id='line_1_16' title="bbox 124 1086 1493 1138; baseline 0.001 -15"><span class='ocrx_word' id='word_1_118' title='bbox 124 1087 163 1123; x_wconf 88' lang='lat' dir='ltr'>in</span> <span class='ocrx_word' id='word_1_119' title='bbox 197 1086 374 1136; x_wconf 89' lang='lat' dir='ltr'>paludem</span> <span class='ocrx_word' id='word_1_120' title='bbox 405 1099 563 1135; x_wconf 90' lang='lat' dir='ltr'>gnaram</span> <span class='ocrx_word' id='word_1_121' title='bbox 592 1087 837 1134; x_wconf 85' lang='lat' dir='ltr'>vincentibus,</span> <span class='ocrx_word' id='word_1_122' title='bbox 865 1088 1033 1138; x_wconf 90' lang='lat' dir='ltr'>iniquam</span> <span class='ocrx_word' id='word_1_123' title='bbox 1060 1089 1206 1130; x_wconf 83' lang='lat' dir='ltr'>nesciis,</span> <span class='ocrx_word' id='word_1_124' title='bbox 1236 1089 1273 1124; x_wconf 91' lang='lat' dir='ltr'>ni</span> <span class='ocrx_word' id='word_1_125' title='bbox 1301 1088 1443 1125; x_wconf 84' lang='lat' dir='ltr'>Caesar</span> <span class='ocrx_word' id='word_1_126' title='bbox 1458 1104 1493 1134; x_wconf 82' lang='lat'>15</span> 
     </span>
    </p>

    <p class='ocr_par' dir='ltr' id='par_1_6' title="bbox 83 1151 1443 1200">
     <span class='ocr_line' id='line_1_17' title="bbox 83 1151 1443 1200; baseline 0.001 -12"><span class='ocrx_word' id='word_1_127' title='bbox 83 1159 107 1188; x_wconf 78' lang='lat'>4</span> <span class='ocrx_word' id='word_1_128' title='bbox 125 1151 329 1200; x_wconf 85' lang='lat' dir='ltr'>productas</span> <span class='ocrx_word' id='word_1_129' title='bbox 354 1151 524 1200; x_wconf 86' lang='lat' dir='ltr'>legiones</span> <span class='ocrx_word' id='word_1_130' title='bbox 551 1151 811 1190; x_wconf 80' lang='lat' dir='ltr'>instruxisset:</span> <span class='ocrx_word' id='word_1_131' title='bbox 841 1153 930 1190; x_wconf 90' lang='lat' dir='ltr'>inde</span> <span class='ocrx_word' id='word_1_132' title='bbox 954 1153 1125 1191; x_wconf 88' lang='lat' dir='ltr'>hostibus</span> <span class='ocrx_word' id='word_1_133' title='bbox 1153 1159 1282 1198; x_wconf 88' lang='lat' dir='ltr'>terror,</span> <span class='ocrx_word' id='word_1_134' title='bbox 1305 1153 1443 1190; x_wconf 87' lang='lat' dir='ltr'>fiducia</span> 
     </span>
    </p>

    <p class='ocr_par' dir='ltr' id='par_1_7' title="bbox 83 1216 1495 1461">
     <span class='ocr_line' id='line_1_18' title="bbox 83 1216 1442 1266; baseline 0.001 -14"><span class='ocrx_word' id='word_1_135' title='bbox 83 1224 105 1253; x_wconf 85' lang='lat'><strong>5</strong></span> <span class='ocrx_word' id='word_1_136' title='bbox 126 1216 252 1259; x_wconf 89' lang='lat' dir='ltr'>militi;</span> <span class='ocrx_word' id='word_1_137' title='bbox 283 1222 319 1253; x_wconf 92' lang='lat' dir='ltr'>et</span> <span class='ocrx_word' id='word_1_138' title='bbox 338 1216 513 1253; x_wconf 89' lang='lat' dir='ltr'>manibus</span> <span class='ocrx_word' id='word_1_139' title='bbox 534 1216 664 1266; x_wconf 87' lang='lat' dir='ltr'>aequis</span> <span class='ocrx_word' id='word_1_140' title='bbox 684 1217 914 1255; x_wconf 83' lang='lat' dir='ltr'>abscessum.</span> <span class='ocrx_word' id='word_1_141' title='bbox 969 1230 1059 1256; x_wconf 83' lang='lat' dir='ltr'>mox</span> <span class='ocrx_word' id='word_1_142' title='bbox 1085 1218 1242 1255; x_wconf 88' lang='lat' dir='ltr'>reducto</span> <span class='ocrx_word' id='word_1_143' title='bbox 1267 1217 1315 1254; x_wconf 89' lang='lat' dir='ltr'>ad</span> <span class='ocrx_word' id='word_1_144' title='bbox 1336 1218 1442 1254; x_wconf 90' lang='lat' dir='ltr'>Ami-</span> 
     </span>
     <span class='ocr_line' id='line_1_19' title="bbox 123 1280 1442 1332; baseline 0.001 -14"><span class='ocrx_word' id='word_1_145' title='bbox 123 1281 218 1318; x_wconf 90' lang='lat' dir='ltr'>siam</span> <span class='ocrx_word' id='word_1_146' title='bbox 251 1281 416 1318; x_wconf 85' lang='lat' dir='ltr'>exercitu</span> <span class='ocrx_word' id='word_1_147' title='bbox 449 1280 620 1329; x_wconf 89' lang='lat' dir='ltr'>legiones</span> <span class='ocrx_word' id='word_1_148' title='bbox 654 1281 784 1328; x_wconf 88' lang='lat' dir='ltr'>classe,</span> <span class='ocrx_word' id='word_1_149' title='bbox 814 1289 855 1320; x_wconf 93' lang='lat' dir='ltr'>ut</span> <span class='ocrx_word' id='word_1_150' title='bbox 888 1282 1101 1328; x_wconf 86' lang='lat' dir='ltr'>advexerat,</span> <span class='ocrx_word' id='word_1_151' title='bbox 1131 1289 1323 1332; x_wconf 88' lang='lat' dir='ltr'>reportat;</span> <span class='ocrx_word' id='word_1_152' title='bbox 1355 1295 1442 1331; x_wconf 86' lang='lat' dir='ltr'>pars</span> 
     </span>
     <span class='ocr_line' id='line_1_20' title="bbox 124 1345 1442 1397; baseline 0.002 -15"><span class='ocrx_word' id='word_1_153' title='bbox 124 1346 291 1394; x_wconf 88' lang='lat' dir='ltr'>equitum</span> <span class='ocrx_word' id='word_1_154' title='bbox 319 1345 424 1383; x_wconf 92' lang='lat' dir='ltr'>litore</span> <span class='ocrx_word' id='word_1_155' title='bbox 454 1345 601 1384; x_wconf 89' lang='lat' dir='ltr'>Oceani</span> <span class='ocrx_word' id='word_1_156' title='bbox 636 1353 761 1395; x_wconf 89' lang='lat' dir='ltr'>petere</span> <span class='ocrx_word' id='word_1_157' title='bbox 797 1346 977 1384; x_wconf 89' lang='lat' dir='ltr'>Rhenum</span> <span class='ocrx_word' id='word_1_158' title='bbox 1011 1347 1137 1394; x_wconf 85' lang='lat' dir='ltr'>iussa;</span> <span class='ocrx_word' id='word_1_159' title='bbox 1168 1347 1346 1392; x_wconf 85' lang='lat' dir='ltr'>Caecina,</span> <span class='ocrx_word' id='word_1_160' title='bbox 1378 1348 1442 1397; x_wconf 92' lang='lat' dir='ltr'>qui</span> 
     </span>
     <span class='ocr_line' id='line_1_21' title="bbox 125 1410 1495 1461; baseline 0.002 -15"><span class='ocrx_word' id='word_1_161' title='bbox 125 1422 234 1447; x_wconf 91' lang='lat' dir='ltr'>suum</span> <span class='ocrx_word' id='word_1_162' title='bbox 262 1410 419 1447; x_wconf 90' lang='lat' dir='ltr'>militem</span> <span class='ocrx_word' id='word_1_163' title='bbox 448 1410 621 1456; x_wconf 88' lang='lat' dir='ltr'>ducebat,</span> <span class='ocrx_word' id='word_1_164' title='bbox 651 1411 826 1457; x_wconf 85' lang='lat' dir='ltr'>monitus,</span> <span class='ocrx_word' id='word_1_165' title='bbox 857 1423 1091 1461; x_wconf 89' lang='lat' dir='ltr'>quamquam</span> <span class='ocrx_word' id='word_1_166' title='bbox 1120 1411 1220 1448; x_wconf 84' lang='lat' dir='ltr'>notis</span> <span class='ocrx_word' id='word_1_167' title='bbox 1248 1412 1442 1450; x_wconf 82' lang='lat' dir='ltr'>itineribus</span> <span class='ocrx_word' id='word_1_168' title='bbox 1458 1428 1495 1449; x_wconf 74' lang='grc' dir='ltr'>ιο</span> 
     </span>
    </p>

    <p class='ocr_par' dir='ltr' id='par_1_8' title="bbox 84 1474 1496 1785">
     <span class='ocr_line' id='line_1_22' title="bbox 84 1474 1442 1527; baseline 0.001 -14"><span class='ocrx_word' id='word_1_169' title='bbox 84 1485 107 1514; x_wconf 81' lang='lat'>6</span> <span class='ocrx_word' id='word_1_170' title='bbox 125 1474 393 1524; x_wconf 87' lang='lat' dir='ltr'>regrederetur,</span> <span class='ocrx_word' id='word_1_171' title='bbox 412 1481 549 1525; x_wconf 89' lang='lat' dir='ltr'>pontes</span> <span class='ocrx_word' id='word_1_172' title='bbox 571 1475 710 1524; x_wconf 89' lang='lat' dir='ltr'>longos</span> <span class='ocrx_word' id='word_1_173' title='bbox 739 1488 854 1527; x_wconf 91' lang='lat' dir='ltr'>quam</span> <span class='ocrx_word' id='word_1_174' title='bbox 883 1477 1101 1514; x_wconf 89' lang='lat' dir='ltr'>maturrime</span> <span class='ocrx_word' id='word_1_175' title='bbox 1131 1489 1318 1526; x_wconf 87' lang='lat' dir='ltr'>superare.</span> <span class='ocrx_word' id='word_1_176' title='bbox 1376 1490 1442 1514; x_wconf 89' lang='lat' dir='ltr'>an-</span> 
     </span>
     <span class='ocr_line' id='line_1_23' title="bbox 123 1539 1442 1591; baseline 0.002 -14"><span class='ocrx_word' id='word_1_177' title='bbox 123 1547 256 1589; x_wconf 88' lang='lat' dir='ltr'>gustus</span> <span class='ocrx_word' id='word_1_178' title='bbox 282 1539 313 1577; x_wconf 87' lang='lat' dir='ltr'>is</span> <span class='ocrx_word' id='word_1_179' title='bbox 340 1546 478 1577; x_wconf 87' lang='lat' dir='ltr'>trames</span> <span class='ocrx_word' id='word_1_180' title='bbox 502 1548 626 1578; x_wconf 85' lang='lat' dir='ltr'>vastas</span> <span class='ocrx_word' id='word_1_181' title='bbox 655 1541 752 1578; x_wconf 88' lang='lat' dir='ltr'>inter</span> <span class='ocrx_word' id='word_1_182' title='bbox 776 1541 934 1591; x_wconf 88' lang='lat' dir='ltr'>paludes</span> <span class='ocrx_word' id='word_1_183' title='bbox 960 1548 998 1579; x_wconf 92' lang='lat' dir='ltr'>et</span> <span class='ocrx_word' id='word_1_184' title='bbox 1026 1541 1223 1591; x_wconf 90' lang='lat' dir='ltr'>quondam</span> <span class='ocrx_word' id='word_1_185' title='bbox 1246 1554 1267 1579; x_wconf 88' lang='lat' dir='ltr'>a</span> <span class='ocrx_word' id='word_1_186' title='bbox 1296 1541 1340 1579; x_wconf 87' lang='lat' dir='ltr'>L.</span> <span class='ocrx_word' id='word_1_187' title='bbox 1361 1541 1442 1579; x_wconf 92' lang='lat' dir='ltr'>Do-</span> 
     </span>
     <span class='ocr_line' id='line_1_24' title="bbox 124 1604 1443 1659; baseline 0.002 -18"><span class='ocrx_word' id='word_1_188' title='bbox 124 1604 230 1642; x_wconf 88' lang='lat' dir='ltr'>mitio</span> <span class='ocrx_word' id='word_1_189' title='bbox 250 1612 474 1654; x_wconf 86' lang='lat' dir='ltr'>aggeratus;</span> <span class='ocrx_word' id='word_1_190' title='bbox 504 1612 628 1642; x_wconf 83' lang='lat' dir='ltr'>cetera</span> <span class='ocrx_word' id='word_1_191' title='bbox 651 1606 798 1651; x_wconf 88' lang='lat' dir='ltr'>limosa,</span> <span class='ocrx_word' id='word_1_192' title='bbox 819 1607 966 1643; x_wconf 88' lang='lat' dir='ltr'>tenacia</span> <span class='ocrx_word' id='word_1_193' title='bbox 995 1606 1097 1655; x_wconf 88' lang='lat' dir='ltr'>gravi</span> <span class='ocrx_word' id='word_1_194' title='bbox 1123 1618 1244 1659; x_wconf 78' lang='lat' dir='ltr'>caeno</span> <span class='ocrx_word' id='word_1_195' title='bbox 1269 1613 1332 1644; x_wconf 92' lang='lat' dir='ltr'>aut</span> <span class='ocrx_word' id='word_1_196' title='bbox 1357 1607 1443 1644; x_wconf 87' lang='lat' dir='ltr'>rivis</span> 
     </span>
     <span class='ocr_line' id='line_1_25' title="bbox 124 1669 1443 1720; baseline 0.002 -14"><span class='ocrx_word' id='word_1_197' title='bbox 124 1669 267 1707; x_wconf 88' lang='lat' dir='ltr'>incerta</span> <span class='ocrx_word' id='word_1_198' title='bbox 299 1677 430 1716; x_wconf 80' lang='lat' dir='ltr'>erant3</span> <span class='ocrx_word' id='word_1_199' title='bbox 465 1670 606 1708; x_wconf 89' lang='lat' dir='ltr'>circum</span> <span class='ocrx_word' id='word_1_200' title='bbox 646 1671 759 1707; x_wconf 84' lang='lat' dir='ltr'>silvae</span> <span class='ocrx_word' id='word_1_201' title='bbox 797 1671 980 1720; x_wconf 92' lang='lat' dir='ltr'>paulatim</span> <span class='ocrx_word' id='word_1_202' title='bbox 1019 1670 1193 1716; x_wconf 86' lang='lat' dir='ltr'>adclives,</span> <span class='ocrx_word' id='word_1_203' title='bbox 1232 1683 1326 1720; x_wconf 87' lang='lat' dir='ltr'>quas</span> <span class='ocrx_word' id='word_1_204' title='bbox 1363 1678 1443 1708; x_wconf 85' lang='lat' dir='ltr'>tum</span> 
     </span>
     <span class='ocr_line' id='line_1_26' title="bbox 125 1734 1496 1785; baseline 0.001 -13"><span class='ocrx_word' id='word_1_205' title='bbox 125 1735 318 1772; x_wconf 79' lang='lat' dir='ltr'>ArminIus</span> <span class='ocrx_word' id='word_1_206' title='bbox 346 1734 508 1785; x_wconf 86' lang='lat' dir='ltr'>inplevit,</span> <span class='ocrx_word' id='word_1_207' title='bbox 536 1735 774 1784; x_wconf 89' lang='lat' dir='ltr'>compendiis</span> <span class='ocrx_word' id='word_1_208' title='bbox 802 1735 943 1772; x_wconf 90' lang='lat' dir='ltr'>viarum</span> <span class='ocrx_word' id='word_1_209' title='bbox 974 1742 1012 1772; x_wconf 89' lang='lat' dir='ltr'>et</span> <span class='ocrx_word' id='word_1_210' title='bbox 1041 1735 1114 1772; x_wconf 86' lang='lat' dir='ltr'>cito</span> <span class='ocrx_word' id='word_1_211' title='bbox 1145 1736 1297 1784; x_wconf 90' lang='lat' dir='ltr'>agmine</span> <span class='ocrx_word' id='word_1_212' title='bbox 1327 1748 1444 1773; x_wconf 90' lang='lat' dir='ltr'>onus·</span> <span class='ocrx_word' id='word_1_213' title='bbox 1460 1751 1496 1782; x_wconf 83' lang='lat'>²5</span> 
     </span>
    </p>

    <p class='ocr_par' dir='ltr' id='par_1_9' title="bbox 87 1799 1447 2043">
     <span class='ocr_line' id='line_1_27' title="bbox 87 1799 1445 1849; baseline -0.001 -11"><span class='ocrx_word' id='word_1_214' title='bbox 87 1808 107 1838; x_wconf 86' lang='lat'><strong>7</strong></span> <span class='ocrx_word' id='word_1_215' title='bbox 127 1806 206 1836; x_wconf 91' lang='lat' dir='ltr'>tum</span> <span class='ocrx_word' id='word_1_216' title='bbox 235 1799 391 1837; x_wconf 88' lang='lat' dir='ltr'>sarcinis</span> <span class='ocrx_word' id='word_1_217' title='bbox 418 1799 605 1849; x_wconf 89' lang='lat' dir='ltr'>armisque</span> <span class='ocrx_word' id='word_1_218' title='bbox 635 1799 791 1836; x_wconf 88' lang='lat' dir='ltr'>militem</span> <span class='ocrx_word' id='word_1_219' title='bbox 818 1811 903 1837; x_wconf 91' lang='lat' dir='ltr'>cum</span> <span class='ocrx_word' id='word_1_220' title='bbox 932 1800 1196 1837; x_wconf 88' lang='lat' dir='ltr'>antevenisset.</span> <span class='ocrx_word' id='word_1_221' title='bbox 1254 1799 1445 1838; x_wconf 88' lang='lat' dir='ltr'>Caecinae</span> 
     </span>
     <span class='ocr_line' id='line_1_28' title="bbox 127 1864 1447 1914; baseline 0.002 -13"><span class='ocrx_word' id='word_1_222' title='bbox 127 1864 322 1911; x_wconf 88' lang='lat' dir='ltr'>dubitanti,</span> <span class='ocrx_word' id='word_1_223' title='bbox 351 1877 519 1914; x_wconf 89' lang='lat' dir='ltr'>quonam</span> <span class='ocrx_word' id='word_1_224' title='bbox 553 1864 672 1901; x_wconf 89' lang='lat' dir='ltr'>modo</span> <span class='ocrx_word' id='word_1_225' title='bbox 705 1870 835 1913; x_wconf 88' lang='lat' dir='ltr'>ruptos</span> <span class='ocrx_word' id='word_1_226' title='bbox 868 1871 1051 1901; x_wconf 87' lang='lat' dir='ltr'>vetustate</span> <span class='ocrx_word' id='word_1_227' title='bbox 1080 1871 1217 1913; x_wconf 89' lang='lat' dir='ltr'>pontes</span> <span class='ocrx_word' id='word_1_228' title='bbox 1246 1873 1447 1914; x_wconf 86' lang='lat' dir='ltr'>reponeret</span> 
     </span>
     <span class='ocr_line' id='line_1_29' title="bbox 127 1928 1444 1979; baseline 0.002 -13"><span class='ocrx_word' id='word_1_229' title='bbox 127 1929 312 1979; x_wconf 90' lang='lat' dir='ltr'>simulque</span> <span class='ocrx_word' id='word_1_230' title='bbox 341 1929 577 1979; x_wconf 88' lang='lat' dir='ltr'>propulsaret</span> <span class='ocrx_word' id='word_1_231' title='bbox 605 1929 765 1973; x_wconf 86' lang='lat' dir='ltr'>hostem,</span> <span class='ocrx_word' id='word_1_232' title='bbox 796 1934 917 1966; x_wconf 85' lang='lat' dir='ltr'>castra</span> <span class='ocrx_word' id='word_1_233' title='bbox 950 1929 1081 1966; x_wconf 89' lang='lat' dir='ltr'>metari</span> <span class='ocrx_word' id='word_1_234' title='bbox 1109 1928 1149 1965; x_wconf 92' lang='lat' dir='ltr'>in</span> <span class='ocrx_word' id='word_1_235' title='bbox 1177 1928 1263 1966; x_wconf 94' lang='lat' dir='ltr'>loco</span> <span class='ocrx_word' id='word_1_236' title='bbox 1293 1929 1444 1978; x_wconf 89' lang='lat' dir='ltr'>placuit,</span> 
     </span>
     <span class='ocr_line' id='line_1_30' title="bbox 127 1993 910 2043; baseline 0 -12"><span class='ocrx_word' id='word_1_237' title='bbox 127 2001 166 2031; x_wconf 91' lang='lat' dir='ltr'>ut</span> <span class='ocrx_word' id='word_1_238' title='bbox 194 2006 291 2043; x_wconf 91' lang='lat' dir='ltr'>opus</span> <span class='ocrx_word' id='word_1_239' title='bbox 320 2000 355 2031; x_wconf 90' lang='lat' dir='ltr'>et</span> <span class='ocrx_word' id='word_1_240' title='bbox 384 1994 443 2030; x_wconf 89' lang='lat' dir='ltr'>alii</span> <span class='ocrx_word' id='word_1_241' title='bbox 472 1994 659 2043; x_wconf 89' lang='lat' dir='ltr'>proelium</span> <span class='ocrx_word' id='word_1_242' title='bbox 688 1993 910 2042; x_wconf 87' lang='lat' dir='ltr'>inciperent.</span> 
     </span>
    </p>

    <p class='ocr_par' dir='ltr' id='par_1_10' title="bbox 88 2057 1498 2301">
     <span class='ocr_line' id='line_1_31' title="bbox 181 2057 1498 2108; baseline -0.001 -11"><span class='ocrx_word' id='word_1_243' title='bbox 181 2063 248 2097; x_wconf 86' lang='lat'>64.</span> <span class='ocrx_word' id='word_1_244' title='bbox 277 2058 431 2095; x_wconf 83' lang='lat' dir='ltr'>Barbari</span> <span class='ocrx_word' id='word_1_245' title='bbox 460 2058 691 2107; x_wconf 82' lang='lat' dir='ltr'>perfringere</span> <span class='ocrx_word' id='word_1_246' title='bbox 721 2058 900 2095; x_wconf 85' lang='lat' dir='ltr'>stationes</span> <span class='ocrx_word' id='word_1_247' title='bbox 931 2069 1046 2108; x_wconf 89' lang='lat' dir='ltr'>seque</span> <span class='ocrx_word' id='word_1_248' title='bbox 1075 2057 1212 2096; x_wconf 84' lang='lat' dir='ltr'>inferre</span> <span class='ocrx_word' id='word_1_249' title='bbox 1246 2059 1443 2096; x_wconf 88' lang='lat' dir='ltr'>munitori-</span> <span class='ocrx_word' id='word_1_250' title='bbox 1456 2074 1498 2104; x_wconf 82' lang='lat'>30</span> 
     </span>
     <span class='ocr_line' id='line_1_32' title="bbox 127 2116 1444 2171; baseline 0 -11"><span class='ocrx_word' id='word_1_251' title='bbox 127 2123 197 2160; x_wconf 89' lang='lat' dir='ltr'>bus</span> <span class='ocrx_word' id='word_1_252' title='bbox 235 2122 305 2159; x_wconf 91' lang='lat' dir='ltr'>nisi</span> <span class='ocrx_word' id='word_1_253' title='bbox 342 2122 544 2169; x_wconf 88' lang='lat' dir='ltr'>lacessunt,</span> <span class='ocrx_word' id='word_1_254' title='bbox 584 2122 970 2171; x_wconf 77' lang='lat' dir='ltr'>circumgrediuntur,</span> <span class='ocrx_word' id='word_1_255' title='bbox 989 2116 1226 2161; x_wconf 84' lang='lat' dir='ltr'>occursant:</span> <span class='ocrx_word' id='word_1_256' title='bbox 1265 2124 1444 2161; x_wconf 89' lang='lat' dir='ltr'>miscetur</span> 
     </span>
     <span class='ocr_line' id='line_1_33' title="bbox 88 2187 1444 2238; baseline -0.001 -12"><span class='ocrx_word' id='word_1_257' title='bbox 88 2187 365 2236; x_wconf 84' lang='lat' dir='ltr'>2operantium</span> <span class='ocrx_word' id='word_1_258' title='bbox 400 2187 692 2236; x_wconf 84' lang='lat' dir='ltr'>bellantiumque</span> <span class='ocrx_word' id='word_1_259' title='bbox 731 2187 884 2224; x_wconf 90' lang='lat' dir='ltr'>clamor.</span> <span class='ocrx_word' id='word_1_260' title='bbox 939 2193 976 2224; x_wconf 89' lang='lat' dir='ltr'>et</span> <span class='ocrx_word' id='word_1_261' title='bbox 1010 2194 1148 2225; x_wconf 86' lang='lat' dir='ltr'>cuncta</span> <span class='ocrx_word' id='word_1_262' title='bbox 1187 2188 1326 2238; x_wconf 85' lang='lat' dir='ltr'>pariter</span> <span class='ocrx_word' id='word_1_263' title='bbox 1364 2188 1444 2225; x_wconf 90' lang='lat' dir='ltr'>Ro-</span> 
     </span>
     <span class='ocr_line' id='line_1_34' title="bbox 128 2250 1443 2301; baseline 0 -11"><span class='ocrx_word' id='word_1_264' title='bbox 128 2251 250 2290; x_wconf 84' lang='lat' dir='ltr'>manis</span> <span class='ocrx_word' id='word_1_265' title='bbox 292 2250 457 2297; x_wconf 87' lang='lat' dir='ltr'>adversa,</span> <span class='ocrx_word' id='word_1_266' title='bbox 498 2251 602 2289; x_wconf 89' lang='lat' dir='ltr'>locus</span> <span class='ocrx_word' id='word_1_267' title='bbox 639 2251 778 2301; x_wconf 85' lang='lat' dir='ltr'>uligine</span> <span class='ocrx_word' id='word_1_268' title='bbox 817 2250 1016 2301; x_wconf 88' lang='lat' dir='ltr'>profunda,</span> <span class='ocrx_word' id='word_1_269' title='bbox 1054 2251 1157 2289; x_wconf 90' lang='lat' dir='ltr'>idem</span> <span class='ocrx_word' id='word_1_270' title='bbox 1195 2251 1243 2289; x_wconf 91' lang='lat' dir='ltr'>ad</span> <span class='ocrx_word' id='word_1_271' title='bbox 1283 2252 1443 2301; x_wconf 83' lang='lat' dir='ltr'>gradum</span> 
     </span>
    </p>
   </div>
  </div>
 </body>
</html>
