1612 2493
94 83 259 139 A.n.15.]
485 90 637 122 LJBER
664 89 694 122 l.
745 88 843 120 CAP.
869 84 1009 132 67-71.
1358 87 1405 123 81

95 195 215 241 adeat,
234 194 471 244 largitionem
495 198 662 243 temptet,
689 198 884 243 tamquam
908 203 1042 241 parum
1058 188 1268 228 ambitiose
1294 188 1409 226 filium

96 259 202 297 ducis
224 259 366 309 gregali
391 259 521 296 habitu
543 257 782 296 circumferat
804 256 1083 305 Caesaremque
1105 255 1316 303 Caligulam
1345 266 1411 302 ap-

54 332 78 361 6
97 324 224 373 pellari
243 324 340 361 velit.
396 324 584 372 potiorem
607 323 682 360 iam
701 321 801 370 apud
822 321 1007 358 exercitus
1024 319 1278 369 Agrippinam
1297 329 1411 367 quarn

95 388 251 437 legatos,
282 400 398 437 quam
422 388 556 433 duces;
587 397 833 436 conpressam
859 399 881 424 a
910 385 1066 423 muliere
1093 383 1328 427 seditionem,
1354 381 1413 419 cui

55 461 76 492 '7
96 465 236 490 nomen
268 453 449 502 principis
479 452 659 490 obsistere
697 462 776 487 non
814 450 980 499 quiverit.
1038 447 1272 487 accendebat
1311 446 1439 490 haec5

96 517 353 566 onerabatque
378 516 547 563 Seianus,
574 515 706 565 peritia
731 526 880 552 morum
907 513 1051 551 Tiberii
1077 512 1165 551 odia
1191 512 1229 549 in
1256 511 1414 560 longum

97 581 248 626 iaciens,
269 593 365 630 quae
386 580 607 619 reconderet
627 585 811 628 auctaque
831 584 1033 628 promeret.

151 649 220 685 70.
248 645 300 683 At
328 645 576 683 Germanicus
609 644 813 692 legionum,
843 655 938 692 quas
970 642 1127 680 navibus
1158 646 1323 685 vexerat,
1356 651 1416 677 se-

99 709 263 748 cundam
300 717 337 747 et
377 716 548 759 quartam
586 708 786 745 decumam
824 708 956 745 itinere
995 706 1157 745 terrestri
1194 706 1236 744 P.
1265 704 1418 742 Vitellio

98 774 292 812 ducendas
321 774 442 819 tradit,
472 785 548 823 quo
576 772 692 810 levior
722 772 854 810 classis
887 772 1031 809 vadoso
1060 771 1156 809 mari
1183 771 1329 808 innaret
1362 768 1418 806 vel
1435 781 1473 805 ιο

58 850 81 880 2
100 839 303 888 reciproco·
338 838 485 876 sideret.
541 836 712 874 Vitellius
750 837 915 886 primurn
954 836 1024 873 iter
1061 836 1164 873 sicca
1201 834 1318 871 humo
1356 839 1420 871 aut

99 903 250 941 modice
278 902 476 940 adlabente
505 907 610 939 aestu
639 901 806 950 quietum
831 901 982 939 habuit:
1011 912 1102 938 mox
1132 899 1284 949 inpulsu
1312 898 1418 947 aqui-

100 968 207 1014 lonis,
228 967 337 1005 simul
356 967 476 1004 sidere
496 965 733 1016 aequinoctii,
750 978 827 1015 quo
846 966 1013 1003 maxime
1034 964 1207 1002 tumescit
1226 962 1418 1008 Oceanus,

61 1043 81 1072 3
101 1033 180 1082 rapi
198 1032 333 1082 agique
354 1043 503 1081 agmen.
559 1039 595 1069 et
615 1030 866 1080 opplebantur
884 1037 1028 1068 terrae:
1056 1028 1191 1066 eadem
1211 1027 1305 1064 freto
1325 1026 1420 1064 litori

101 1097 247 1146 campis
279 1096 403 1141 facies,
437 1108 561 1145 neque
599 1095 760 1133 discerni
799 1101 975 1144 poterant
1012 1094 1155 1131 incerta
1191 1092 1240 1130 ab
1277 1090 1470 1137 solidis‚15

60 1170 85 1199 4
102 1162 226 1199 brevia
253 1173 276 1199 a
302 1160 507 1211 profundis.
564 1167 777 1198 sternuntur
804 1160 988 1204 fluctibus,
1018 1158 1238 1195 hauriuntur
1267 1155 1420 1206 gurgiti-

102 1227 199 1273 bus3
227 1227 404 1272 iumenta,
434 1225 613 1271 sarcinae,
641 1237 802 1275 corpora
831 1225 1010 1261 exanima
1037 1222 1265 1266 interfluunt,
1289 1232 1422 1259 occur-

103 1297 197 1329 sant.
251 1291 523 1340 permiscentur
553 1291 648 1327 inter
680 1301 721 1327 se
754 1289 947 1339 manipuli,
977 1287 1095 1326 modo
1123 1293 1275 1336 pectore
1304 1285 1422 1322 modo

103 1367 169 1394 ore
191 1361 299 1393 tenus
319 1362 520 1400 exstantes,
541 1354 744 1404 aliquando
771 1355 964 1392 subtracto
991 1352 1074 1390 solo
1099 1351 1244 1389 disiecti
1268 1356 1332 1388 aut
1358 1351 1424 1388 ob-

63 1430 85 1460 5
104 1420 183 1458 ruti.
238 1432 318 1458 non
342 1432 416 1457 vox
439 1427 476 1457 et
499 1420 617 1456 mutui
641 1419 809 1457 hortatus
834 1418 1011 1455 iuvabant
1044 1416 1265 1454 adversante
1294 1415 1397 1452 unda
1411 1427 1420 1460 ;
1438 1429 1477 1450 20

104 1484 196 1523 nihil
229 1491 403 1522 strenuus
437 1485 487 1522 ab
517 1485 667 1532 ignavo,
699 1483 850 1532 sapiens
880 1483 929 1520 ab
958 1480 1185 1531 inprudenti,
1212 1480 1369 1518 consilia
1401 1491 1425 1517 a

63 1560 197 1590 ecasu
231 1550 403 1588 differre:
433 1554 568 1586 cuncta
601 1549 681 1598 pari
712 1548 889 1585 violentia
918 1546 1213 1584 involvebantur.
1269 1544 1426 1582 tandem

105 1616 276 1655 Vitellius
298 1615 338 1652 in
361 1614 518 1652 editiora
542 1613 668 1651 enisus
691 1613 828 1650 eodem
851 1599 1001 1661 agmen¹
1017 1609 1207 1648 subduxit.
1263 1621 1425 1658 pernoc-

104 1689 229 1720 tavere
253 1681 333 1718 sine
357 1679 586 1724 utensilibus,
611 1679 692 1715 sine
716 1677 806 1727 igni,
834 1688 975 1725 magna
997 1688 1084 1725 pars
1109 1673 1212 1711 nudo
1239 1679 1302 1710 aut
1330 1672 1426 1710 mul-

105 1753 193 1785 cato
234 1756 402 1794 corpore,
439 1742 541 1780 haud
582 1742 708 1779 minus
747 1740 980 1778 miserabiles
1021 1750 1136 1789 quam
1149 1746 1270 1787 tquos
1307 1737 1425 1775 hostis
1441 1752 1479 1784 ²5

105 1809 368 1849 circumsidet:
397 1809 537 1858 quippe
560 1807 634 1844 illic
656 1807 771 1844 etiam
798 1806 980 1844 honestae
1006 1803 1136 1841 mortis
1164 1814 1265 1848 usus,
1285 1801 1343 1839 his
1369 1803 1426 1839 in-

67 1883 88 1914 7
107 1876 267 1925 glorium
308 1873 473 1911 exitium.
538 1872 602 1910 lux
642 1871 803 1909 reddidit
840 1878 990 1916 terram,
1027 1874 1340 1919 penetratumque
1378 1866 1429 1904 ad

68 1949 91 1977 8
108 1951 259 1978 amnem
279 1933 506 1992 [Visurgin],
527 1949 604 1987 quo
625 1935 768 1975 Caesar
789 1936 908 1974 classe
929 1933 1192 1973 contenderat.
1243 1931 1429 1980 inpositae

109 2004 198 2042 dein
229 2003 409 2053 legiones,
442 2009 604 2051 vagante
642 2001 746 2038 fama
780 2001 1018 2044 submersas;
1057 2010 1128 2036 nec
1162 1996 1256 2034 fides
1290 1995 1428 2041 salutis,

108 2076 314 2117 antequam
343 2067 546 2104 Caesarem
575 2067 854 2115 exercitumque
883 2065 1063 2102 reducem
1090 2061 1226 2099 videre.
1443 2075 1484 2106 30

163 2137 222 2172 71.
252 2131 335 2169 Iam
370 2131 576 2177 Stertinius,
605 2130 655 2168 ad
688 2129 953 2180 accipiendum
985 2128 1026 2165 in
1058 2126 1293 2165 deditionem
1326 2124 1431 2174 Segi-

109 2208 256 2235 merum
284 2196 434 2232 fratrem
464 2195 630 2244 Segestis
659 2195 902 2244 praemissus,
928 2193 1054 2244 ipsum
1080 2198 1118 2229 et
1143 2190 1261 2228 filium
1287 2189 1365 2226 eius
1392 2190 1432 2226 in

70 2261 299 2302 acivitatem
332 2258 519 2299 Ubiorum
556 2259 793 2310 perduxerat.
859 2258 946 2296 data
982 2257 1130 2308 utrique
1168 2254 1287 2302 venia,
1325 2253 1432 2292 facile

764 2342 787 2367 G
