1612 2493
163 75 182 109 6
191 86 208 110 2
432 82 670 113 CORNELII
700 82 757 113 TA
767 81 872 113 CITI
893 81 1170 114 ANNALJUM
1250 74 1302 129 [A.
1312 88 1386 115 U.c.
1409 83 1481 124 767.

163 196 335 237 sermone
368 184 480 231 wiltu,
504 184 784 234 -adrogantibus
822 191 858 222 et
895 185 1074 222 obscuris.
1131 184 1363 222 accedebant
1399 196 1480 220 mu·
1498 193 1522 224 6

162 248 294 286 liebres
332 249 564 287 offensiones
597 249 857 286 novercalibus
895 249 1023 287 Liviae
1061 249 1099 286 in
1130 249 1381 298 Agrippinam
1420 248 1482 284 sti-

163 313 284 359 mulis,
321 321 433 363 atque
471 314 553 363 ipsa
594 314 804 363 Agrippina
841 313 956 363 paulo
994 314 1231 360 commotior,
1271 313 1340 350 nisi
1379 311 1483 362 quod

164 378 330 415 castitate
370 386 405 416 et
445 378 566 415 mariti
603 390 732 416 amore
769 379 940 428 quamvis
973 377 1201 415 indomitum
1238 378 1407 415 animum
1445 375 1484 412 in

131 459 146 488 5
163 443 307 480 bonurn
336 444 512 480 vertebat.

217 511 283 545 34.
314 507 388 545 Sed
417 506 670 544 Germanicus
699 513 842 556 quanto
873 519 1042 544 summae
1074 506 1155 556 spei
1183 506 1350 556 propior,
1378 511 1485 543 tanto

165 571 369 620 impensius
398 583 467 621 pro
497 571 653 608 Tiberio
682 571 758 616 niti,
785 583 901 620 seque
925 579 962 608 et
991 571 1189 620 proximos
1217 578 1254 608 et
1282 570 1484 618 Belgarum

165 637 330 674 civitates
359 637 399 673 in
431 637 546 674 verba
578 636 656 673 eius
686 635 812 685 adigit.
870 635 1007 674 dehinc
1036 635 1167 673 audito
1199 635 1393 685 legionum
1426 638 1524 671 tu-2

165 700 282 738 multu
311 702 447 750 raptim
479 700 671 750 profectus
701 700 970 753 obvias-,extra
1007 706 1130 738 castra
1163 698 1303 745 habuit,
1332 698 1484 736 deiectis

120 767 205 803 »oin
234 773 370 804 terram
401 766 520 803 oculis
553 766 654 802 velut
687 765 926 814 paenitentia.
983 771 1187 814 postquam
1220 764 1359 801 vallum
1392 763 1484 810 iniit,

166 831 309 869 dissoni
329 838 480 881 questus
501 830 620 867 audiri
641 841 812 881 coepere.
867 835 904 866 et
927 828 1081 878 quidam
1105 840 1243 878 prensa
1267 839 1383 864 manu
1405 827 1485 865 eius
1503 835 1525 864 3

166 908 232 945 per
252 897 419 946 speciem
445 894 693 933 exosculandi
721 895 958 932 inseruerunt
981 893 1131 942 digitos,
1158 899 1197 930 ut
1223 904 1342 930 vacua
1364 892 1484 929 denti-

166 962 235 998 bus
262 973 329 998 ora
353 961 613 1009 contingeret;
643 960 702 997 alii
729 966 880 997 curvata
899 958 1006 995 senio
1028 958 1199 995 membra
1219 956 1484 995 ostendebant.

166 1025 412 1063 adsistentem
445 1025 678 1070 contionem,
713 1024 801 1073 quia
833 1023 1019 1072 permixta
1051 1022 1258 1067 videbatur,
1290 1021 1527 1059 discedere4

118 1106 150 1136 15
166 1091 204 1126 in
228 1090 442 1139 manipulos
468 1090 593 1127 iubet:
623 1089 676 1127 sic
700 1088 834 1125 melius
858 1087 1049 1124 audituros
1073 1098 1323 1135 responsum;
1352 1085 1486 1123 vexilla

165 1154 353 1204 praeferri,
377 1162 418 1192 ut
447 1154 485 1191 id
513 1153 647 1191 saltem
671 1152 899 1190 discerneret
927 1151 1124 1189 cohortes:
1153 1151 1258 1188 tarde
1287 1152 1485 1200 obtempe-

164 1231 301 1256 ravere.
359 1226 447 1256 tune
471 1231 493 1255 a
521 1218 763 1256 veneratione
789 1217 952 1266 Augusti
975 1228 1084 1254 orsus
1109 1216 1213 1253 flexit
1237 1214 1286 1253 ad
1312 1215 1486 1254 victorias
1503 1222 1525 1252 5

165 1283 451 1334 triumphosque
481 1283 635 1330 Tiberii,
674 1283 890 1332 praecipuis
933 1281 1104 1319 laudibus
1151 1281 1346 1318 celebrans
1386 1293 1486 1330 quae

165 1349 268 1399 apud
302 1348 527 1387 Germanias
561 1349 629 1386 illis
663 1361 750 1386 cum
784 1347 997 1397 legionibus
1035 1346 1286 1396 pulcherrima
1323 1346 1486 1384 fecisset.

117 1430 154 1451 20
166 1414 294 1451 Italiae
315 1413 401 1451 inde
421 1425 666 1458 consensum,
689 1412 896 1450 Galliarum
923 1411 1038 1449 fidem
1057 1411 1222 1457 extollit;
1253 1410 1485 1460 nil-usquam
1503 1417 1527 1447 6

166 1480 353 1517 turbidum
387 1485 452 1515 aut
483 1478 638 1515 discors.
699 1477 847 1515 silentio
881 1476 976 1514 haec
1009 1475 1068 1513 vel
1101 1487 1294 1513 murmure
1331 1475 1487 1514 modico

167 1544 292 1581 audita
322 1551 420 1580 sunt.

219 1613 282 1647 35.
313 1608 366 1646 Ut
396 1608 622 1645 seditionem
653 1608 784 1657 attigit,
814 1608 879 1645 ubi
909 1606 1098 1645 modestia
1126 1605 1305 1651 militaris,
1331 1605 1394 1642 ubi
1425 1617 1488 1642 ve-

167 1675 253 1711 teris
291 1673 508 1722 disciplinae
547 1673 674 1718 decus,
706 1685 874 1722 quonam
911 1673 1094 1717 tribunos,
1132 1682 1210 1720 quo
1249 1670 1488 1708 centuriones

118 1756 151 1784 25
168 1740 392 1788 exegissent,
424 1739 607 1787 rogitans,
641 1738 785 1775 nudant
817 1737 978 1774 universi
1012 1747 1183 1785 corpora,
1214 1735 1407 1773 cicatrices
1440 1747 1487 1773 ex

169 1804 394 1848 vulneribus,
420 1805 618 1840 verberum
647 1811 758 1839 notas
786 1802 1040 1852 exprobrant;
1070 1812 1162 1838 mox
1187 1799 1398 1837 indiscretis
1421 1810 1487 1836 vo-

169 1870 273 1906 cibus
303 1869 422 1917 pretia
455 1868 707 1913 vacationum,
741 1865 934 1915 angustias
968 1864 1156 1914 stipendii,
1191 1864 1364 1901 duritiam
1397 1875 1487 1912 ope-

169 1945 250 1970 rum
283 1945 328 1971 ac
360 1933 520 1982 propriis
553 1932 772 1968 nominibus
805 1931 979 1968 incusant
1011 1930 1160 1975 vallum,
1192 1929 1326 1975 fossas,
1360 1929 1489 1978 pabuli

114 2018 116 2020 ·
170 1998 346 2036 materiae
369 1998 561 2045 lignorum
588 1997 777 2045 adgestus,
803 2002 840 2033 et
863 1996 893 2033 si
918 2007 993 2044 qua
1016 1995 1087 2032 alia
1109 2007 1157 2032 ex
1181 1995 1404 2032 necessitate
1425 2001 1488 2031 aut

119 2081 156 2110 30
170 2064 348 2101 adversus
375 2063 494 2100 o·.ium
523 2070 732 2107 castrorum
765 2068 1005 2110 quaeruntur.
1061 2059 1318 2096 atrocissimus
1346 2065 1487 2096 vetera·
1505 2065 1528 2095 2

170 2140 305 2166 norum
333 2127 477 2165 clamor
500 2126 699 2171 oriebatur,
724 2126 787 2174 qui
814 2126 958 2162 tricena
983 2130 1047 2161 aut
1069 2136 1183 2173 supra
1206 2122 1395 2173 stipendia
1418 2133 1488 2158 nu-

172 2199 368 2236 merantes,
392 2190 605 2241 mederetur
633 2190 752 2234 fessis,
776 2201 851 2226 neu
879 2195 1042 2238 mortem
1068 2188 1107 2225 in
1135 2187 1258 2225 isdem
1285 2186 1487 2232 laboribus,

171 2257 238 2294 sed
263 2256 377 2308 finem
401 2263 478 2293 tam
504 2255 688 2293 exercitae
708 2254 859 2291 militiae
888 2265 1011 2303 neque
1031 2253 1187 2303 inopem
1212 2251 1380 2301 requie-m
1406 2261 1488 2288 ora-
