1612 2493
160 78 206 124 78
448 81 689 113 CORNELII
715 81 888 113 TACJTJ
911 81 1189 113 ANNALIUM
1246 74 1385 129 [A.U.C.
1407 81 1479 124 768.

159 183 350 231 instabilis,
372 185 665 234 procedentibus
692 185 867 232 lubricus,
887 198 1049 236 corpora
1076 186 1204 236 gravia
1232 185 1359 224 loricis
1373 198 1383 232 ;
1412 198 1479 223 ne-

160 260 234 296 que
256 248 387 286 librare
407 250 483 298 pila
502 250 598 288 inter
616 249 737 287 undas
757 258 948 299 poterant:
999 258 1132 288 contra
1153 250 1353 289 Cheruscis
1373 258 1479 288 sueta
1497 259 1519 289 3

161 313 261 362 apud
290 314 448 363 paludes
482 314 635 363 proelia,
664 327 825 364 procera
853 316 1040 360 membra,
1069 315 1200 353 hastae
1229 315 1402 365 ingentes
1431 315 1479 352 ad

160 378 314 414 vulnera
350 377 524 416 facienda
560 379 733 427 quamvis
765 380 911 429 procul.
968 392 1047 417 nox
1081 379 1236 417 demum
1268 380 1478 417 inclinantis
1497 387 1521 415 4

124 456 141 486 5
158 440 233 478 iam
252 441 421 491 legiones
442 443 620 480 adversae
640 455 793 492 pugnae
814 444 965 482 exemit.
1025 443 1207 482 Germani
1227 445 1278 482 ob
1296 456 1479 493 prospera
1497 450 1519 480 5

158 505 346 552 indefessi,
371 519 419 545 ne
449 515 529 545 tum
557 507 713 557 quidem
741 515 893 557 sumpta
916 509 1053 558 quiete,
1081 516 1265 558 quantum
1294 521 1479 558 aquarum

158 569 301 607 circum
322 571 560 621 surgentibus
583 572 680 620 iugis
699 572 816 611 oritur
842 580 984 611 vertere
1010 573 1048 609 in
1078 573 1258 618 subiecta,
1277 585 1479 622 mersaque

159 634 276 672 humo
296 642 333 673 et
351 638 489 674 obruto
508 637 613 687 quod
632 637 810 675 effectum
838 639 964 688 operis
989 638 1204 688 duplicatus
1229 638 1336 675 militi
1361 638 1478 676 labor.

159 700 520 750 quadragensimum
550 701 589 739 id
609 702 840 751 stipendium
861 703 1029 742 Caecina
1048 703 1207 752 parendi
1236 709 1299 740 aut
1327 702 1478 752 imperi-
1496 709 1520 739 6

109 765 261 801 rotandi
285 765 459 811 habebat,
480 767 733 804 secundarum
757 768 1097 817 ambiguarumque
1122 779 1247 804 rerum
1270 767 1394 805 sciens
1413 779 1479 804 eo·

158 840 231 877 que
253 830 451 867 interritus.
506 831 619 879 igitur
638 831 760 868 futura
779 831 933 870 volvens
954 844 1033 869 non
1054 832 1154 869 aliud
1174 832 1340 881 repperit
1363 844 1478 881 quam
1496 836 1517 867 7

156 901 197 929 ut
217 893 366 931 hostem
387 894 486 932 silvis
507 899 709 941 coerceret,
731 896 856 934 donec
880 897 996 934 saucii
1017 903 1278 946 quantumque
1297 897 1479 946 gravioris

157 957 318 1006 agminis
339 959 525 997 anteirent
536 972 547 1006 ς
577 972 666 997 nam
687 960 815 998 medio
836 962 1025 998 montium
1045 969 1081 999 et
1101 961 1281 1009 paludum
1309 961 1478 1010 porrige-

156 1022 265 1059 batur
284 1022 468 1071 planities,
490 1035 586 1073 quae
607 1031 761 1062 tenuem
785 1025 907 1062 aciem
933 1033 1133 1075 pateretur.
1190 1025 1406 1074 deliguntur
1424 1025 1477 1062 le·
1495 1029 1519 1057 8

105 1101 141 1132 15
157 1087 291 1134 giones
311 1089 443 1135 quinta
469 1088 602 1125 dextro
625 1088 741 1134 lateri,
762 1090 1061 1127 unetvicensima
1080 1091 1118 1127 in
1138 1089 1296 1135 laevum,
1318 1089 1478 1139 primani

157 1151 375 1188 ducendum
396 1152 443 1189 ad
463 1164 615 1202 agmen,
635 1154 914 1192 vicensimanus
940 1155 1140 1192 adversum
1160 1161 1402 1214 secuturos7fis

211 1220 279 1254 65.
310 1215 399 1253 Nox
438 1229 505 1266 per
543 1217 690 1256 diversa
720 1219 877 1268 inquies,
909 1231 997 1257 curn
1027 1220 1175 1257 barbari
1209 1219 1311 1257 festis
1344 1219 1477 1269 epulis,

155 1279 254 1318 laeto
285 1289 398 1318 cantu
427 1289 491 1319 aut
520 1283 616 1320 truci
645 1295 784 1320 sonore
815 1284 982 1322 subiecta
1010 1284 1161 1321 vallium
1190 1296 1235 1321 ac
1264 1284 1477 1322 resultantis

157 1345 272 1383 saltus
297 1346 544 1395 complerent,
565 1348 669 1396 apud
696 1347 898 1386 Romanos
927 1348 1076 1385 invalidi
1102 1349 1222 1398 ignes,
1246 1349 1477 1398 interruptae

105 1424 143 1446 20
157 1421 280 1457 voces,
313 1420 426 1460 atque
464 1411 536 1460 ipsi
577 1412 720 1461 passim
758 1414 974 1451 adiacerent
1003 1413 1111 1459 vallo,
1144 1414 1362 1451 oberrarent
1395 1421 1476 1451 ten-

156 1475 271 1520 toriis,
302 1475 499 1513 insomnes
530 1478 652 1526 magis
690 1490 806 1527 quam
839 1477 1046 1527 pervigiles.
1104 1477 1317 1526 ducemque
1347 1479 1517 1515 terruit2

156 1540 236 1576 dira
264 1540 394 1588 quies:
426 1553 515 1578 nam
536 1541 760 1588 Quintilium
782 1542 928 1579 Varum
957 1542 1142 1592 sanguine
1164 1542 1323 1580 oblitum
1348 1549 1385 1580 et
1409 1554 1476 1593 pa-

155 1604 304 1642 ludibus
330 1617 520 1643 emersum
545 1619 698 1644 cernere
726 1615 762 1645 et
788 1607 915 1645 audire
942 1607 1041 1644 visus
1063 1613 1120 1644 est
1142 1607 1241 1644 velut
1263 1615 1474 1652 vocantem,

155 1681 235 1706 non
277 1677 405 1707 tamen
450 1671 655 1709 obsecutus
702 1680 739 1709 et
776 1684 933 1709 manum
981 1671 1211 1709 intendentis
1255 1671 1473 1721 reppulisse.

103 1749 140 1780 ²5
156 1741 291 1784 coepta
319 1734 401 1772 luce
430 1735 568 1773 missae
597 1736 636 1772 in
664 1736 780 1773 latera
808 1736 990 1786 legiones,
1011 1742 1115 1773 metu
1144 1747 1194 1772 an
1222 1737 1475 1784 contumacia,
1493 1744 1516 1773 3

155 1798 282 1835 locum
313 1799 523 1845 deseruere,
549 1807 662 1849 capto
697 1813 857 1851 propere
887 1812 1026 1850 campo
1055 1800 1222 1837 umentia
1244 1800 1350 1838 ultra.
1408 1814 1475 1839 ne·
1496 1807 1516 1836 4

125 1913 128 1915 ,
155 1875 229 1911 que
260 1870 388 1900 tamen
421 1865 617 1902 Arminius
649 1877 882 1915 quamquam
912 1865 1031 1903 libero
1057 1865 1210 1902 incursu
1236 1865 1363 1902 statim
1386 1878 1474 1915 pro-

155 1927 276 1975 rupit:
306 1928 374 1965 sed
401 1934 442 1966 ut
470 1928 626 1967 haesere
655 1941 777 1967 caeno
805 1929 993 1979 fossisque
1024 1929 1309 1978 impedimenta,
1339 1931 1476 1968 turbati

155 1993 298 2029 circum
318 1993 465 2039 milites,
485 1993 649 2031 incertus
669 1995 866 2042 signorum
890 1994 997 2039 ordo,
1017 1999 1134 2042 utque
1157 1993 1221 2030 tali
1245 1993 1283 2030 in
1303 2000 1475 2044 tempore

102 2071 141 2101 30
156 2056 226 2092 sibi
253 2056 413 2106 quisque
441 2069 626 2107 properus
654 2065 691 2095 et
719 2058 842 2096 lentae
868 2058 1069 2096 adversum
1093 2057 1251 2106 imperia
1279 2070 1398 2104 aures,
1418 2059 1475 2096 in-

155 2132 327 2170 rumpere
362 2120 579 2160 Germanos
617 2123 731 2169 iubet,
763 2123 961 2161 clamitans
994 2126 1067 2159 ‘en
1097 2121 1223 2159 Varus
1261 2123 1474 2172 eodemque

155 2185 289 2221 iterum
320 2184 398 2222 fato
431 2187 576 2224 vinctae
607 2186 827 2236 legionesl'
862 2187 972 2225 simul
1002 2186 1096 2224 haec
1126 2193 1164 2224 et
1198 2199 1286 2224 cum
1319 2187 1474 2226 delectis
1493 2195 1516 2225 5

155 2249 289 2287 scindit
327 2262 466 2300 agmen
499 2251 680 2301 equisque
714 2251 880 2289 maxime
913 2251 1067 2289 vulnera
1102 2252 1248 2301 ingerit.
1305 2251 1355 2288 illi
1386 2259 1515 2289 san-6
