1612 2493
117 75 283 132 A.n.15.]
499 84 653 117 LIBER
681 85 712 118 J.
763 84 864 118 CAP.
895 80 1037 129 64-67.
1392 88 1438 128 79

116 188 230 239 guine
258 200 329 227 suo
358 194 395 227 et
422 188 568 228 lubrico
596 188 779 239 paludum
807 188 1000 239 lapsantes
1033 190 1203 229 excussis
1231 190 1440 230 rectoribus

76 257 98 290 7
117 253 272 292 disicere
306 253 451 300 obvios,
485 260 675 304 proterere
708 253 893 308 iacentes„
943 254 1127 304 plurimus
1161 255 1261 292 circa
1293 255 1440 304 aquilas

114 317 233 363 labor,
257 329 355 367 quae
384 330 509 368 neque
537 317 624 355 ferri
651 317 852 356 adversum
879 318 1092 367 ingruentia
1119 318 1194 356 tela
1222 331 1347 370 neque
1374 320 1438 369 figi

76 381 250 420 elimosa
294 382 414 420 humo
461 388 646 432 poterant.
713 381 879 420 Caecina
926 383 1018 420 dum
1070 389 1256 421 sustentat
1307 384 1439 428 aciem,

116 446 282 500 suffosso
305 458 405 497 equo
429 446 604 496 delapsus
631 446 999 493 circumveniebatur,
1022 447 1061 485 ni
1084 448 1206 497 prima
1231 448 1330 498 legio
1356 461 1439 486 sese
1457 463 1475 496 5

75 515 99 544 9
117 499 370 560 opposuisset.
426 511 515 549 iuvit
539 510 709 549 hostium
736 511 906 557 aviditas,
935 511 1078 549 omissa
1108 512 1224 550 caede
1257 513 1441 562 praedam

118 575 366 623 sectantium3
397 575 602 625 enisaeque
634 574 806 624 legiones
837 583 1124 624 vesperascente
1154 576 1214 614 die
1243 577 1282 614 in
1311 585 1441 626 aperta

56 644 99 674 ιο
118 645 154 676 et
187 639 319 678 solida.
375 651 499 689 neque
536 639 568 677 is
604 639 840 676 miseriarum
873 639 970 678 finis.
1036 641 1259 679 struendum
1291 642 1440 687 vallum,

117 703 303 753 petendus
332 716 460 754 agger,
492 703 630 757 amissa
660 715 803 753 magna
832 716 880 741 ex
909 711 1015 754 parte
1050 717 1118 755 per
1152 707 1521 759 quael-egeriturnj„

117 767 254 806 humus
287 762 350 806 aut
381 757 576 806 excidiiuf
594 758 777 817 caespes;
806 779 886 806 non
919 769 1079 807 tentoria
1112 758 1327 820 manipulis,
1357 783 1436 808 non
1456 787 1492 809 ιο

117 830 288 869 fomenta
312 832 472 879 sauciis;
501 831 661 870 infectos
693 844 816 870 caeno
846 840 908 870 aut
937 845 1069 871 cruore
1099 835 1204 871 eibos
1233 835 1441 873 dividentes

118 896 285 934 funestas
318 897 493 935 tenebras
523 904 560 934 et
595 903 652 935 tot
683 896 883 935 hominum
916 897 1067 936 milibus
1100 910 1218 936 unum
1251 899 1328 936 iam
1359 900 1441 937 reli-

120 972 236 1010 quum
265 960 367 998 diem
395 961 708 1000 lamentabantur.

173 1029 242 1065 66.
269 1025 382 1063 Forte
415 1037 535 1076 equus
568 1026 736 1076 abruptis
768 1026 925 1065 vinculis
957 1040 1075 1077 vagus
1108 1036 1145 1067 et
1174 1028 1339 1068 clamore
1368 1036 1439 1067 ter-

78 1099 100 1128 2
119 1090 208 1128 ritus
232 1089 420 1140 quosdam
443 1091 722 1128 occurrentium
743 1092 966 1129 obturbavit.
1024 1099 1129 1131 tanta
1156 1093 1244 1132 inde
1271 1102 1440 1132 conster-
1460 1114 1496 1145 15

119 1155 221 1193 natio
250 1154 434 1204 inrupisse
464 1153 678 1193 Germanos
708 1156 952 1203 credentium,
981 1165 1021 1194 ut
1051 1158 1179 1195 cuncti
1212 1165 1362 1197 ruerent
1395 1158 1443 1196 ad

118 1226 257 1269 portas,
277 1231 437 1268 quarum
463 1218 676 1257 decumana
699 1221 865 1258 maxime
890 1223 1097 1271 petebatur,
1124 1235 1256 1261 aversa
1281 1223 1381 1261 hosti
1407 1231 1444 1261 et

79 1291 101 1320 3
119 1283 346 1333 fugientibus
377 1283 499 1322 tutior.
557 1273 724 1322 Caecina
755 1293 953 1334 comperto
987 1299 1125 1324 vanam
1158 1300 1240 1326 esse
1269 1288 1442 1326 formidi-

119 1360 220 1394 nem,
241 1360 328 1385 cum
347 1354 474 1386 tamen
498 1360 623 1398 neque
649 1338 901 1387 auctoritate*
898 1363 1021 1399 neque
1042 1351 1227 1400 precibus,
1249 1364 1297 1390 ne
1324 1364 1440 1390 manu

120 1412 274 1463 quidem
311 1412 491 1451 obsistere
530 1420 594 1451 aut
625 1414 785 1451 retinere
818 1414 976 1452 militem
1015 1415 1145 1464 quiret,
1179 1416 1368 1465 proiectus
1402 1417 1440 1454 in
1457 1432 1495 1454 20

119 1477 247 1515 limine
284 1483 415 1527 portae
452 1477 693 1517 miseratione
730 1479 896 1525 demum,
931 1479 1018 1529 quia
1055 1491 1123 1528 per
1159 1492 1298 1530 corpus
1330 1480 1442 1530 legati

121 1543 288 1581 eundum
325 1548 414 1588 erat,
458 1542 590 1581 clausit
631 1543 758 1581 viam:
795 1543 905 1581 simul
946 1544 1082 1581 tribuni
1122 1552 1159 1582 et
1199 1545 1440 1583 centuriones

120 1608 257 1646 salsum
285 1619 466 1656 pavorem
495 1619 578 1646 esse
608 1607 828 1647 docuerunt.

175 1677 242 1712 67.
275 1672 388 1710 Tunc
427 1680 645 1711 contractos
682 1674 721 1711 in
759 1674 944 1724 principia
982 1675 1180 1725 iussosque
1218 1674 1317 1713 dicta
1355 1687 1442 1712 cum

120 1737 267 1776 silentio
295 1737 469 1787 accipere
498 1738 680 1787 temporis
708 1751 753 1776 ac
782 1739 1016 1778 necessitatis
1044 1748 1186 1777 monet.
1254 1751 1371 1777 unam
1404 1739 1442 1775 in
1457 1755 1494 1785 25

122 1802 235 1840 armis
267 1802 437 1848 salutem,
470 1801 538 1840 secl
570 1814 616 1840 ea
649 1803 807 1841 consilio
846 1804 1096 1853 temperanda
1133 1804 1443 1853 manendumque

121 1867 218 1904 intra
244 1866 393 1913 vallum,
422 1866 547 1905 donec
581 1867 828 1917 expugnandi
860 1868 991 1906 hostes
1024 1880 1091 1917 spe
1124 1869 1281 1918 propius
1315 1880 1445 1906 succe·

123 1932 277 1979 derent3
305 1943 397 1970 mox
425 1931 592 1981 undique
623 1933 922 1982 erumpendum:
955 1933 1016 1970 illa
1045 1934 1242 1982 eruptione
1271 1933 1319 1970 ad
1344 1932 1444 1970 Rhe-

83 2003 215 2033 2num
245 1996 442 2046 perveniri.
497 1996 601 2046 quod
639 1997 670 2034 si
708 1997 892 2046 fugerent,
926 1997 1041 2046 pluris
1081 1997 1202 2042 silvas,
1234 1996 1445 2046 profundas

123 2059 244 2110 magis
276 2060 445 2109 paludes,
479 2060 674 2098 saevitiam
706 2060 872 2100 hostium
906 2073 1129 2110 superesse3
1168 2068 1207 2098 at
1243 2061 1445 2098 victoribus
1460 2075 1499 2106 30
1547 2074 1551 2076 ·

83 2136 104 2164 3
125 2125 241 2162 decus
274 2124 444 2172 gloriam.
501 2136 598 2174 quae
633 2125 739 2163 domi
772 2137 869 2171 cara,
901 2137 998 2175 quae
1035 2126 1074 2162 in
1108 2126 1241 2162 castris
1272 2125 1444 2170 honesta,

81 2200 101 2228 4
125 2197 332 2237 memorat3
361 2188 506 2228 reticuit
535 2188 582 2227 de
611 2189 786 2228 adversis.
845 2201 964 2241 equos
994 2189 1146 2237 dehinc,
1169 2201 1278 2227 orsus
1307 2201 1330 2227 a
1358 2189 1446 2235 suis,
