1612 2493
492 437 844 482 CORNELII
895 439 1146 481 TACITI

614 592 1019 639 ANNALIUM

316 706 407 749 AB
462 706 790 749 EXCESSU
847 708 1002 757 DIVI
1057 707 1383 749 AUGUSTI

705 859 866 897 LIBER
896 859 928 898 Ι.

216 985 247 1019 1.
278 981 419 1020 URBEM
440 980 608 1018 Romam
628 993 650 1019 a
669 981 853 1030 principio
874 994 981 1031 reges
1002 981 1190 1029 habuere3
1217 983 1424 1021 libertatem
1449 991 1483 1019 et

122 1055 143 1084 2
163 1046 402 1084 consulatum
426 1045 470 1084 L.
490 1045 629 1082 Brutus
651 1046 818 1083 instituit.
876 1047 1084 1084 dictaturae
1110 1048 1157 1084 ad
1184 1055 1334 1097 ternpus
1359 1061 1484 1085 sume-

160 1112 319 1157 bantur;
349 1122 474 1159 neque
503 1110 758 1147 decemviralis
792 1117 960 1160 potestas
994 1112 1090 1149 ultra
1124 1113 1330 1158 biennium,
1361 1125 1485 1162 neque

120 1189 140 1218 3
161 1177 398 1213 tribunorum
427 1175 587 1211 militum
619 1176 817 1213 consulare
851 1177 907 1213 ius
939 1176 1002 1213 diu
1033 1177 1158 1215 valuit.
1214 1190 1294 1215 non
1325 1177 1483 1216 Cinnae.

161 1253 241 1279 non
269 1240 393 1278 Sullae
422 1240 540 1289 longa
569 1240 806 1288 dominati03
835 1247 872 1279 et
896 1241 1058 1291 Pompei
1088 1241 1290 1291 Crassique
1318 1244 1485 1292 potentia
1503 1260 1517 1289 5

161 1307 236 1344 cito
266 1305 306 1343 in
334 1304 550 1350 Caesarem,
580 1304 714 1354 Lepidi
748 1313 860 1355 atque
889 1307 1045 1343 Antonii
1074 1319 1178 1344 arma
1206 1309 1245 1344 in
1271 1308 1485 1357 Augustum

118 1370 123 1372 ‘
162 1383 322 1416 cessere,
342 1370 407 1419 qui
435 1376 573 1407 cuncta
597 1370 794 1408 discordiis
819 1371 987 1408 civilibus
1013 1371 1113 1410 fessa
1132 1374 1288 1410 nomine
1308 1374 1485 1423 principis

120 1450 144 1478 4
162 1436 232 1473 sub
258 1434 458 1483 imperium
483 1434 642 1483 accepit.
699 1435 765 1472 sed
791 1436 923 1472 veteris
950 1437 1081 1485 populi
1108 1437 1275 1474 Romani
1304 1450 1486 1487 prospera

160 1499 219 1537 vel
261 1499 419 1537 adversa
462 1499 569 1536 claris
613 1500 858 1549 scriptoribus
900 1508 1112 1538 memorata
1155 1508 1269 1549 sunt3
1310 1503 1487 1551 tempori-

161 1565 308 1614 busque
330 1564 496 1614 Augusti
523 1564 694 1602 dicendis
722 1577 801 1602 non
826 1565 979 1602 defuere
1007 1566 1146 1604 decora
1174 1567 1337 1617 ingenia,
1363 1568 1485 1605 donec
1505 1582 1542 1605 ιο

122 1649 143 1678 5
161 1629 345 1679 gliscente
365 1629 580 1666 adulatione
601 1629 886 1668 deterrerentur.
944 1630 1088 1669 Tiberii
1109 1632 1258 1681 Gaique
1279 1640 1316 1670 et
1340 1632 1489 1670 Claudii

162 1706 207 1732 ac
235 1693 402 1732 Neronis
430 1706 489 1731 res
519 1694 739 1732 florentibus
768 1695 858 1744 ipsis
883 1697 934 1733 ob
962 1704 1106 1734 metum
1131 1698 1259 1743 falsae,
1284 1705 1488 1748 postquam

122 1770 145 1799 6
162 1758 391 1805 occiderant,
412 1760 625 1798 recentibus
645 1761 741 1798 odiis
765 1761 1000 1810 compositae
1021 1768 1120 1799 sunt.
1176 1763 1264 1800 inde
1288 1764 1489 1800 consilium

162 1824 253 1861 mihi
271 1837 395 1874 pauca
416 1825 462 1862 de
482 1826 659 1874 Augusto
680 1833 717 1863 et
740 1832 907 1863 extrema
926 1826 1082 1872 tradere,
1104 1839 1197 1864 mox
1220 1827 1361 1865 Tiberii
1385 1830 1488 1877 prin-

162 1889 328 1938 cipatum
357 1896 394 1927 et
423 1896 559 1937 cetera,
588 1890 668 1928 sine
696 1890 750 1928 ira
778 1896 815 1927 et
843 1891 980 1937 studio,
1005 1903 1167 1941 quorum
1194 1905 1327 1930 causas
1355 1894 1487 1943 procul
1506 1909 1538 1940 ¹5

162 1953 295 1992 habeo.

219 2021 256 2056 2.
285 2019 493 2070 Postquam
527 2020 646 2059 Bruto
679 2028 716 2059 et
755 2021 888 2060 Cassio
926 2022 1047 2060 caesis
1086 2023 1187 2060 nulla
1224 2023 1301 2061 iam
1338 2024 1489 2073 publica

164 2096 279 2129 arma,
309 2084 515 2135 Pompeius
548 2087 651 2135 apud
682 2087 846 2124 Siciliam
875 2099 1080 2137 oppressus
1107 2096 1299 2138 exutoque
1329 2089 1487 2138 Lepido,

164 2148 362 2187 interfecto
377 2150 547 2188 Antonio
564 2164 611 2188 ne
629 2151 783 2188 Iulianis
800 2152 954 2200 quidem
974 2154 1141 2201 partibus
1163 2154 1233 2190 nisi
1254 2154 1395 2191 Caesar
1411 2155 1486 2191 dux

164 2214 339 2263 reliquus,
368 2215 493 2264 posito
527 2216 705 2253 triumviri
736 2217 892 2253 nomine
922 2218 1119 2255 consulem
1149 2231 1189 2255 se
1222 2218 1345 2256 ferens
1375 2226 1409 2256 et
1438 2219 1486 2256 ad
1501 2235 1540 2256 30

165 2279 345 2317 tuendam
365 2279 516 2330 plebem
537 2281 737 2320 tribunicio
757 2282 836 2319 iure
857 2289 1091 2325 contentum,
1106 2284 1170 2320 ubi
1190 2284 1345 2321 militem
1365 2284 1487 2328 donis,
