1612 2493
179 82 345 138 A.n.14.]
608 89 761 121 LIBER
782 91 813 123 J.
855 91 955 122 CAP.
987 96 1073 132 2-5.
1453 104 1502 141 45

138 201 160 229 6
180 195 276 232 filius
297 193 451 239 iuvenis,
469 192 536 231 sed
557 205 635 243 quo
654 193 823 243 pluribus
843 194 1090 231 munimentis
1109 193 1309 233 insisteret.
1356 184 1501 232 'bellum

69 252 83 267 '⁷
178 271 224 297 ea
243 264 466 308 tempestate
495 258 641 295 nullum
666 259 737 295 nisi
763 258 941 295 adversus
962 258 1179 296 Germanos
1205 266 1408 308 supererat,
1434 260 1502 295 ab·

178 322 341 360 olendae
378 323 502 372 magis
532 322 708 360 infamiae
745 323 796 360 ob
835 323 1016 360 amissum
1055 335 1142 361 cum
1181 322 1365 369 Quintilio
1398 323 1503 360 Va10

179 387 386 425 exercitum
416 400 532 437 quam
562 388 738 437 cupidine
761 388 976 436 proferendi
1003 388 1150 437 imperii
1180 394 1244 426 aut
1268 389 1428 437 dignum
1453 390 1503 426 ol)

137 460 159 492 7
178 452 400 501 praemium.
457 452 562 490 domi
593 465 653 490 res
688 453 921 501 tranquillae,
949 454 1084 490 eadem
1119 454 1406 503 magistratuum
1435 465 1501 491 vo·
1520 469 1536 499 5

177 516 336 563 cabula;
383 518 550 555 iuniores
597 524 685 567 post
731 507 927 555 Actiacam
976 518 1184 563 victoriam,
1227 518 1342 555 etiam
1393 530 1503 556 senes

178 580 346 630 plerique
370 583 468 620 inter
492 582 591 620 bella
610 582 747 619 civium
771 582 876 620 nati.
906 591 1045 632 quotus
1065 582 1226 663 quisque
1253 582 1419 632 reliquus
1439 583 1503 632 qui

178 658 259 684 rem
279 647 469 695 publicam
490 647 670 685 vidisset?

233 715 273 748 4.
303 711 423 761 Igitur
441 723 551 749 verso
572 711 726 749 civitatis
753 717 849 749 statu
876 712 966 748 nihil
987 724 1149 761 usquam
1170 712 1282 761 prisci
1308 720 1345 751 et
1370 712 1506 763 integri

134 787 138 789 ’
178 777 320 814 moris:
358 788 495 814 omnes
533 783 646 829 exuta
683 758 909 826 aequalitate
943 777 1044 814 iussa
1080 778 1261 827 principis
1299 785 1503 828 aspectare,
1522 793 1560 816 10

179 841 311 878 nulla
302 853 340 878 m
364 853 544 891 praesens
573 840 784 887 formidine,
805 842 896 879 dum
916 841 1113 891 Augustus
1137 850 1259 880 aetate
1280 843 1424 880 validus
1446 856 1506 881 se-

140 918 162 946 2
182 918 254 955 que
275 912 312 943 et
332 906 491 943 domum
512 911 548 943 et
568 918 703 955 pacem
723 906 955 944 sustentavit.
981 872 1213 955 0postquam
1234 914 1411 955 provecta
1431 909 1507 945 iam

181 977 356 1008 senectus
376 982 491 1018 aegro
513 977 550 1007 et
579 982 740 1019 corpore
765 970 990 1019 fatigabatur
1015 971 1220 1020 aderatque
1241 971 1328 1009 finis
1355 979 1392 1010 et
1419 985 1506 1022 spes

182 1047 316 1081 novae,
347 1035 457 1084 pauci
481 1035 583 1072 bona
613 1035 794 1073 libertatis
820 1035 859 1072 in
889 1048 1039 1072 cassum
1063 1035 1258 1082 disserer,e
1277 1037 1403 1086 plures
1427 1038 1507 1075 bel-

139 1108 162 1138 3
181 1099 260 1136 lum
283 1112 499 1148 pavescere,
527 1101 587 1137 alii
616 1112 767 1149 cupere.
823 1112 912 1149 pars
941 1090 1258 1147 multoffix—ima
1288 1102 1506 1141 inminentis
1525 1118 1559 1150 ¹5

151 1212 154 1217 Ι
182 1164 362 1201 dominos
390 1164 500 1201 variis
532 1165 747 1202 rumoribus
777 1165 1023 1203 differebant:
1053 1153 1198 1203 trucem
1228 1166 1442 1217 Agrippam
1471 1175 1509 1206 et

140 1218 151 1228 '¹
177 1224 391 1278 'ignominia
428 1241 634 1269 accensum
673 1242 753 1266 non
790 1236 912 1267 aetate
951 1242 1076 1279 neque
1114 1243 1239 1268 rerum
1277 1233 1509 1281 experientia

182 1302 309 1333 tantae
329 1296 420 1332 moli
445 1308 587 1345 parem,
605 1296 801 1333 Tiberium
823 1296 1022 1334 Neronem
1045 1304 1235 1334 maturum
1256 1298 1377 1344 annis,
1399 1310 1508 1348 spec-

182 1367 300 1397 tatum
320 1360 432 1406 bello,
454 1368 509 1398 set
528 1367 650 1398 vetere
670 1367 782 1410 atque
803 1361 914 1398 insita
934 1361 1118 1400 Claudiae
1137 1361 1300 1400 familiae
1321 1364 1508 1412 superbia,

181 1425 374 1475 multaque
400 1425 538 1462 indicia
565 1426 752 1472 saevitiae,
781 1438 1015 1476 quamquam
1042 1434 1271 1475 premantur,
1294 1440 1506 1477 erumpere.
1523 1444 1562 1466 20

139 1496 164 1525 4
183 1489 283 1527 hunc
306 1497 343 1527 et
362 1491 483 1539 prima
504 1491 552 1528 ab
572 1491 729 1528 infantia
749 1491 929 1529 eductum
949 1492 988 1528 in
1009 1492 1127 1529 domo
1148 1493 1384 1542 regnatrice3
1415 1505 1509 1531 con-

180 1561 309 1604 gestos
343 1555 468 1593 iuveni
502 1556 731 1602 consulatus,
768 1556 1005 1605 triumphos3
1040 1569 1089 1594 ne
1122 1557 1166 1594 iis
1199 1557 1354 1607 quidem
1388 1559 1508 1604 annis,

181 1619 318 1668 quibus
348 1619 475 1658 Rhodi
505 1621 630 1670 specie
660 1633 833 1658 secessus
865 1621 952 1659 exul
981 1622 1110 1670 egerit,
1140 1621 1241 1659 aliud
1270 1634 1384 1671 quam
1414 1622 1509 1660 iram

141 1695 163 1723 5
182 1690 219 1720 et
250 1684 530 1721 simulationem
558 1692 595 1723 et
624 1691 788 1723 secretas
818 1686 1005 1722 lubidines
1035 1686 1271 1724 meditatum.
1328 1688 1510 1726 accedere

181 1756 342 1785 matrem
362 1749 534 1786 muliebri
553 1745 788 1799 inpotentia:
821 1751 1061 1788 serviendum
1088 1751 1253 1789 feminae
1281 1751 1507 1802 duobusque
1526 1768 1561 1800 ²5

181 1812 335 1862 insuper
363 1814 680 1860 adulescentibus,
711 1815 774 1865 qui
806 1827 886 1852 rem
917 1816 1107 1865 publicam
1140 1816 1289 1853 interim
1320 1824 1508 1866 premant,

183 1878 414 1927 quandoque
444 1879 665 1918 distrahant.

235 1947 272 1980 5.
303 1942 412 1980 Haec
444 1951 556 1993 atque
587 1945 674 1982 talia
705 1945 935 1994 agitantibus
967 1938 1189 1995 gravescere
1220 1920 1397 1984 valetudo
1427 1947 1507 1984 Au-

143 2018 163 2047 2
183 2007 292 2056 gusti,
316 2014 353 2044 et
377 2008 532 2056 quidam
560 2009 683 2046 scelus
711 2011 841 2048 uxoris
871 2012 1152 2059 suspectabant.
1211 2012 1353 2061 quippe
1379 2024 1509 2049 rumor

181 2072 396 2117 incesserat,
427 2085 571 2122 paucos
610 2081 698 2111 ante
737 2087 890 2112 menses
921 2076 1148 2124 Augustum,
1181 2076 1309 2113 electis
1341 2077 1505 2114 consciis
1519 2092 1561 2122 30

182 2144 218 2174 et
239 2137 375 2174 comite
394 2149 472 2175 uno
494 2138 612 2176 Fabio
628 2139 812 2185 Maximo,
831 2140 1046 2178 Planasiam
1067 2149 1216 2178 vectum
1238 2141 1286 2178 ad
1307 2141 1506 2178 visendum

141 2210 162 2239 3
184 2203 416 2250 Agrippam;
446 2203 582 2241 multas
606 2204 678 2241 illic
705 2207 893 2254 utrimque
921 2207 1096 2243 lacrimas
1129 2214 1165 2243 et
1200 2207 1310 2256 signa
1344 2206 1506 2243 caritatis

182 2277 367 2316 spemque
405 2278 453 2302 ex
492 2278 538 2304 eo
576 2267 657 2306 fore
687 2276 727 2306 ut
761 2271 903 2307 iuvenis
936 2272 1135 2320 penatibus
1169 2271 1227 2308 avi
1260 2270 1503 2309 redderetur:
