1612 2493
104 116 181 142 ω).
205 101 273 155 ι5.]
495 109 645 140 LIBER
675 108 704 141 l.
757 108 857 141 CAP.
885 112 1026 152 74-79·
1381 106 1430 153 85

158 217 222 252 77.
252 213 301 250 At
330 212 464 250 theatri
492 212 652 258 licentia,
682 211 860 262 proximo
889 212 1011 262 priore
1038 224 1142 249 anno
1173 220 1320 261 coepta,
1345 225 1430 261 gra-

104 278 183 315 vius
213 283 293 314 turn
324 277 455 326 erupit,
484 277 620 315 occisis
653 288 749 314 non.
767 276 884 314 modo
917 289 938 314 e
968 277 1077 326 plebe
1107 283 1162 314 set
1190 277 1366 314 militibus
1395 284 1432 314 et

105 341 336 387 centurione,
367 341 562 380 vulnerato
590 341 740 378 tribuno
772 341 981 389 praetoriae
1011 341 1188 387 cohortis,
1219 341 1310 378 dum
1344 353 1431 390 pro-

66 409 87 438 2
105 406 172 442 bra
199 405 238 442 in
267 406 509 454 magistratus
535 412 572 443 et
592 401 879 443 ‘dissensionem
904 406 1005 454 vulgi
1035 406 1249 456 prohibent.
1305 414 1432 444 actum

105 469 152 507 de
172 481 218 506 ea
238 469 419 508 seditione
440 470 541 519 apud
561 476 686 519 patres
706 469 1004 520 dicebanturque
1026 471 1244 516 sententiae,
1264 477 1305 507 ut
1324 483 1431 519 prae·
1448 487 1466 517 5

66 539 86 567 3
104 533 246 571 toribus
272 534 329 571 ius
350 534 537 584 virgarum
564 534 604 571 in
627 533 828 571 histriones
852 541 964 572 esset.
1023 535 1233 572 intercessit
1254 534 1433 572 Haterius

105 597 278 648 Agrippa
306 599 476 636 tribunus
508 598 630 648 plebei
663 598 944 647 increpitusque
978 606 1035 637 est
1066 599 1187 637 Asinii
1221 598 1320 637 Galli
1350 611 1434 636 ora-

105 662 218 707 tione,
258 663 387 700 silente
427 663 594 710 Tiberio,
635 663 698 713 qui
742 674 788 700 ea
827 663 1029 700 simulacra
1067 663 1249 701 libertatis
1290 664 1434 701 senatui

67 728 320 777 4praebebat.
376 728 489 765 valuit
530 736 658 766 tamen
696 727 927 772 intercessio,
967 728 1054 777 quia
1093 728 1200 766 divus
1238 729 1434 777 Augustus

105 792 293 830 immunes
325 793 520 830 verberum
553 792 754 830 histriones
789 792 986 841 quondam
1018 793 1279 842 responderat,
1309 805 1432 842 neque
1450 809 1487 830 10

67 863 88 891 5
106 856 162 893 fas
183 857 337 894 Tiberio
364 856 563 906 infringere
587 857 686 894 dieta
716 856 807 893 eius.
865 856 912 893 de
936 856 1055 895 modo
1080 857 1217 894 lucaris
1243 865 1279 895 et
1303 858 1434 894 adver-

107 933 170 958 sus
199 921 389 959 lasciviam
415 921 600 960 fautorum
633 921 750 958 multa
776 921 1029 958 decernuntur
1044 934 1054 968 ς
1084 934 1130 958 ex
1155 923 1238 970 quis
1267 924 1433 960 maxime

106 986 278 1035 insignia,
299 998 346 1024 ne
371 986 509 1023 domos
530 986 851 1035 pantomimorum
872 993 1024 1023 senator
1053 986 1234 1031 introiret,
1257 999 1305 1024 ne
1325 999 1434 1036 egre-

107 1050 251 1088 dientes
276 1051 314 1087 in
333 1050 526 1100 publicum
547 1051 690 1100 equites
712 1050 880 1087 Romani
905 1051 1099 1099 cingerent
1124 1057 1187 1088 aut
1210 1051 1296 1087 alibi
1318 1063 1433 1100 quarn

106 1114 144 1151 in
177 1114 325 1152 theatro
358 1122 601 1160 sectarentur,
636 1122 673 1152 et
711 1115 964 1164 spectantium
1002 1115 1282 1153 immodestiam
1320 1115 1430 1153 exilio
1449 1131 1484 1162 15

108 1178 289 1216 multandi
317 1185 480 1228 potestas
504 1179 743 1229 praetoribus
770 1179 884 1216 fieret.

162 1248 228 1282 78.
258 1243 464 1293 Templum
492 1251 533 1282 ut
561 1245 600 1281 in
628 1245 781 1282 colonia
810 1244 1092 1282 Tarraconensi
1122 1252 1324 1282 strueretur
1352 1244 1433 1282 Au-

108 1314 218 1357 gusto
246 1309 458 1357 petentibus
492 1308 677 1358 Hispanis
711 1309 951 1358 permissum,
982 1309 1190 1358 datumque
1223 1310 1262 1346 in
1297 1322 1434 1348 omnes

70 1380 90 1407 2
109 1372 319 1421 provincias
361 1373 590 1423 exemplum.
648 1374 895 1411 centesimam
943 1386 1070 1411 rerum
1117 1374 1304 1412 venalium
1347 1382 1434 1424 post

110 1436 207 1474 bella
226 1437 347 1475 civilia
371 1438 576 1476 institutam
600 1439 826 1487 deprecante
856 1439 998 1488 populo
1025 1439 1141 1476 edixit
1164 1439 1340 1477 Tiberius
1364 1440 1431 1476 mi·
1447 1455 1485 1477 20

110 1503 212 1540 litare
242 1503 427 1540 aerarium
461 1515 508 1541 eo
542 1503 710 1540 subsidio
741 1503 829 1549 niti;
860 1503 970 1540 simul
1003 1503 1187 1552 imparem
1218 1505 1325 1541 oneri
1354 1516 1435 1541 rem

111 1567 312 1617 publicam,
333 1567 403 1604 nisi
423 1568 629 1605 vicensimo
654 1568 807 1605 militiae
835 1580 936 1605 anno
958 1567 1124 1605 veterani
1148 1568 1433 1606 dimitterentur.

73 1638 93 1666 3
112 1632 162 1669 ita
181 1632 376 1681 proximae
397 1632 590 1670 seditionis
614 1633 712 1670 male
737 1632 922 1678 consulta,
943 1632 1080 1681 quibus
1101 1633 1268 1671 sedecim
1294 1633 1436 1683 stipen-

113 1697 260 1734 diorum
280 1696 396 1734 finem
416 1703 692 1746 expresserant,
714 1697 852 1734 abolita
871 1697 910 1733 in
928 1704 1132 1745 posterum.

167 1766 235 1802 79.
264 1763 408 1800 Actum
435 1762 572 1800 deinde
598 1763 637 1800 in
663 1768 797 1800 senatu
822 1762 871 1799 ab
897 1762 1079 1800 Arruntio
1101 1769 1139 1799 et
1163 1761 1287 1808 Ateio,
1312 1774 1362 1799 an
1387 1763 1438 1801 ob
1453 1776 1491 1809 25

114 1827 367 1864 moderandas
383 1826 534 1865 Tiberis
549 1827 826 1865 exundationes
840 1834 1073 1863 verterentur
1091 1826 1247 1864 flumina
1266 1835 1302 1864 et
1323 1827 1438 1871 lacus,

116 1903 183 1941 per
210 1903 306 1940 quos
334 1892 525 1941 augescit;
555 1892 782 1941 auditaeque
812 1891 1107 1940 municipiorum
1137 1899 1173 1928 et
1202 1892 1439 1929 coloniarum

116 1956 335 2006 legationes,
364 1957 558 1994 orantibus
589 1956 828 2003 Florentinis,
858 1968 906 1993 ne
937 1955 1066 1994 Clanis
1097 1956 1208 1993 solito
1239 1956 1346 1995 alveo
1376 1957 1441 1995 de-

117 2028 244 2058 motus
269 2021 308 2058 in
333 2033 486 2058 amnem
509 2022 660 2059 Arnum
686 2020 950 2059 transferretur
976 2021 1088 2070 idque
1116 2021 1206 2070 ipsis
1234 2022 1442 2070 perniciem

77 2095 98 2124 2
118 2085 290 2124 adferret.
337 2087 586 2136 congruentia
614 2086 672 2124 his
702 2086 980 2124 Interamnates
1009 2086 1244 2124 disseruere:
1284 2099 1440 2136 pessum
1455 2102 1496 2133 30

119 2151 235 2189 ituros
262 2150 551 2189 fecundissimos
581 2151 712 2189 Italiae
736 2163 907 2201 campos,
934 2151 965 2189 si
994 2151 1117 2188 amnis
1148 2150 1229 2188 Nar
1257 2148 1313 2201 (id
1339 2153 1441 2188 enim

79 2225 99 2253 3
119 2214 339 2267 parabatur)
363 2216 401 2253 in
427 2216 526 2254 rivos
556 2216 731 2254 diductus
761 2216 1138 2265 superstagnavisset.
1187 2228 1259 2253 nee
1289 2215 1441 2253 Reatini

119 2281 291 2328 silebant,
320 2280 498 2318 Velinum
530 2281 669 2329 lacum,
697 2293 772 2332 qua
806 2281 845 2318 in
880 2279 1023 2318 Narem
1057 2280 1270 2327 effunditur,
1300 2281 1443 2318 obstrui
