1612 2493
105 77 270 132 A.u.14.]
499 85 652 116 LIBER
679 85 711 116 J.
752 85 852 116 CAP.
885 91 1025 127 30-33·
1383 82 1428 116 61

65 201 178 242 5que
216 189 480 227 centurionum
514 189 796 226 ulciscerentur.
852 201 930 226 non
969 201 1066 226 unus
1103 188 1209 233 haec,
1249 196 1302 246 ut„
1327 189 1427 226 Pan-

104 254 261 293 nonicas
285 254 379 290 inter
402 254 570 302 legiones
591 253 830 298 Percennius,
851 265 922 290 nec
951 253 1052 302 apud
1078 253 1242 302 trepidas
1267 254 1425 290 militurn

104 330 224 364 aures,
244 318 334 355 alios
356 318 550 355 validiores
571 318 754 355 exercitus
782 317 1072 366 respicientium,
1093 317 1161 354 sed
1184 318 1300 355 multa
1327 319 1427 355 sedi-

103 383 215 420 tionis
235 395 300 420 ora
321 395 528 432 vocesque:
559 394 627 419 sua
655 383 693 419 in
721 394 837 419 manu
861 382 971 419 sitam
996 394 1077 419 rem
1098 382 1328 428 Romanam,
1349 383 1426 419 suis

104 447 264 485 victoriis
296 447 422 496 augeri
455 459 535 484 rem
567 446 768 496 publicam,
801 447 840 483 in
878 458 988 483 suurn
1027 452 1327 496 cognomentum
1361 447 1425 484 ad-

104 512 213 549 scisci
240 512 495 561 imperatores.

158 579 221 613 32.
251 575 335 613 Nec
365 576 510 625 legatus
543 575 692 612 obviam
723 575 822 611 ibat:
853 576 993 624 quippe
1026 576 1188 624 plurium
1226 576 1426 613 vaecordia

64 649 85 677 2
104 641 355 678 constantiam
378 647 578 677 exemerat.
633 645 786 689 repente
812 639 993 688 lymphati
1020 641 1202 678 destrictis
1225 640 1360 688 gladiis
1387 642 1425 677 in

104 705 344 742 centuriones
372 705 577 742 invadunt:
608 716 653 741 ea
675 704 926 741 vetustissima
945 705 1165 742 militaribus
1187 705 1282 742 odiis
1307 712 1425 742 mate-

63 779 85 807 3
104 769 175 806 ries
204 776 241 806 et
269 769 458 806 saeviendi
481 768 715 818 principium.
772 775 978 817 prostratos
1005 770 1220 806 verberibus
1245 770 1425 815 mulcant,

104 833 303 882 sexagenis
335 833 514 883 singulos,
533 838 574 869 ut
609 844 807 869 numerum
842 833 1105 870 centurionum
1144 833 1424 883 adaequarent:

104 905 184 934 tum
213 898 414 936 convulsos
443 898 677 947 laniatosque
707 904 742 934 et
770 899 908 946 partim
942 899 1138 935 exanimos
1172 906 1259 936 ante
1288 899 1427 936 vallum

63 970 87 999 4
104 969 167 999 aut
185 962 223 998 in
242 974 395 1000 amnem
419 961 597 998 Rhenum
620 962 819 1011 proiciunt.
867 962 1067 1011 Septimius
1091 974 1179 999 cum
1205 963 1428 1012 perfugisset

103 1026 152 1063 ad
170 1027 328 1063 tribunal
354 1027 587 1075 pedibusque
608 1026 795 1064 Caecinae
817 1027 1087 1072 advolveretur,
1108 1039 1154 1064 eo
1180 1039 1300 1076 usque
1321 1028 1428 1077 flagi-

62 1098 202 1130 5tatus
239 1098 305 1136 est,
345 1091 468 1129 donec
506 1091 554 1128 ad
591 1091 745 1128 exitium
783 1091 990 1129 dederetur.
1049 1090 1203 1129 Cassius
1242 1092 1424 1139 Chaerea,

103 1168 194 1193 mox
223 1156 337 1193 caede
367 1156 440 1193 Gai
470 1156 643 1194 Caesaris
671 1157 896 1193 memoriam
925 1156 1027 1205 apud
1054 1162 1226 1205 posteros
1255 1157 1425 1206 adeptus,

103 1229 182 1258 tum
215 1221 440 1259 adulescens
473 1227 510 1258 et
536 1220 663 1271 animi
689 1220 806 1266 ferox,
836 1222 933 1258 inter
966 1222 1162 1258 obstantes
1197 1228 1234 1258 et
1263 1229 1428 1259 armatos

61 1286 200 1325 eferro
242 1286 340 1323 viam
382 1285 567 1334 patefecit.
623 1298 704 1323 non
741 1286 911 1322 tribunus
953 1285 1060 1330 ultra,
1100 1298 1180 1322 non
1218 1292 1428 1324 castrorum

103 1350 314 1400 praefectus
336 1350 394 1387 ius
416 1350 599 1388 obtinuit:
629 1350 783 1399 vigilias,
805 1351 995 1397 stationes,
1016 1358 1052 1388 et
1078 1350 1109 1388 si
1130 1362 1206 1400 qua
1229 1351 1299 1388 alia
1319 1364 1428 1401 prae-

16 1455 19 1457 ,
62 1426 84 1458 7
103 1428 191 1453 sens
222 1426 312 1452 usus
344 1415 539 1461 indixerat,
573 1415 644 1464 ipsi
676 1416 941 1464 partiebantur.
999 1415 1036 1452 id
1070 1416 1247 1453 militares
1278 1418 1426 1455 animos

102 1481 209 1518 altius
233 1480 531 1518 coniectantibus
550 1481 798 1529 praecipuum
821 1481 1000 1518 indicium
1021 1481 1150 1530 magni
1175 1489 1287 1530 atque
1309 1483 1428 1531 inpla-

102 1545 232 1582 cabilis
265 1551 403 1590 motus,
431 1545 534 1594 quod
567 1557 690 1594 neque
724 1546 866 1583 disiecti
897 1553 960 1582 aut
994 1558 1205 1595 paucorum
1237 1546 1426 1591 instinctu,

102 1616 158 1647 set
189 1609 327 1659 pariter
358 1610 609 1655 ardescerent,
639 1610 777 1659 pariter
808 1610 968 1656 silerent,
998 1618 1103 1648 tanta
1133 1611 1360 1660 aequalitate
1389 1619 1426 1650 et

102 1673 326 1718 constantia,
354 1681 396 1710 ut
424 1675 503 1723 regi
532 1674 716 1723 crederes.

156 1742 220 1776 33.
249 1738 399 1775 Interea
437 1738 668 1776 Germanico
705 1752 773 1789 per
812 1738 967 1784 Gallias,
1001 1746 1042 1776 ut
1079 1739 1252 1786 diximus,
1287 1753 1453 1780 census2

63 1813 84 1842 2
102 1803 299 1851 accipienti
319 1805 525 1841 excessisse
546 1804 762 1852 Augustum
786 1804 959 1841 adfertur.
1017 1812 1170 1854 neptem
1190 1806 1268 1842 eius
1289 1807 1426 1856 Agrip-

62 1881 83 1909 3
102 1867 232 1916 pinam
263 1868 301 1904 in
332 1869 573 1907 matrimonio
604 1870 801 1918 pluresque
831 1882 879 1907 ex
910 1882 954 1907 ea
980 1870 1117 1908 liberos
1144 1870 1319 1917 habebat,
1345 1873 1426 1922 ipse

102 1931 229 1970 Druso
253 1932 363 1970 fratre
391 1933 533 1970 Tiberii
563 1935 723 1983 genitus,
744 1936 938 1984 Augustae
966 1947 1098 1984 nepos,
1124 1942 1179 1973 set
1202 1937 1337 1974 anxius
1361 1950 1427 1976 oc·

103 1997 210 2034 cultis
242 1997 281 2033 in
314 2009 354 2034 se
384 1998 508 2047 patrui
542 1999 721 2048 aviaeque
751 1999 857 2044 odiis,
886 2012 1049 2048 quorum
1083 2013 1219 2038 causae
1251 2002 1424 2047 acriores,

61 2078 86 2106 4
103 2062 191 2111 quia
208 2062 369 2110 iniquae.
399 2063 539 2112 quippe
563 2063 676 2100 Drusi
699 2076 840 2113 magna
867 2065 966 2113 apud
992 2065 1177 2114 populum
1203 2066 1424 2104 Romanurn
1442 2083 1454 2094 ἢ

103 2126 297 2172 memoria,
335 2127 643 2176 credebaturque,
679 2129 709 2165 si
743 2141 867 2165 rerum
901 2129 1041 2178 potitus
1073 2129 1176 2176 foret,
1217 2131 1426 2169 libertatem

62 2204 83 2233 5
103 2190 334 2236 redditurus;
362 2192 462 2228 unde
483 2193 522 2228 in
549 2192 821 2230 Germanicum
842 2193 946 2231 favor
970 2203 1006 2230 et
1031 2206 1118 2243 spes
1139 2195 1283 2233 eadem.
1336 2209 1426 2233 narn

102 2254 225 2292 iuveni
258 2255 362 2293 civile
395 2256 602 2305 ingenium,
633 2258 728 2295 mira
759 2260 918 2296 comitas
955 2266 991 2296 et
1025 2258 1171 2297 diversa
1203 2261 1251 2298 ab
1283 2260 1426 2298 Tiberii

1446 785 1482 806 10

1443 1109 1479 1140 15

1443 1434 1481 1454 20
