<?xml version="1.0" encoding="UTF-8"?>
<!DOCTYPE html PUBLIC "-//W3C//DTD XHTML 1.0 Transitional//EN"
    "http://www.w3.org/TR/xhtml1/DTD/xhtml1-transitional.dtd">
<html xmlns="http://www.w3.org/1999/xhtml" xml:lang="en" lang="en">
 <head>
  <title>
</title>
<meta http-equiv="Content-Type" content="text/html;charset=utf-8" />
  <meta name='ocr-system' content='tesseract 3.04.00' />
  <meta name='ocr-capabilities' content='ocr_page ocr_carea ocr_par ocr_line ocrx_word'/>
</head>
<body>
  <div class='ocr_page' id='page_1' title='image "annaliumliberi00taciuoft_0081.png"; bbox 0 0 1612 2493; ppageno 0'>
   <div class='ocr_carea' id='block_1_1' title="bbox 111 111 1431 166">
    <p class='ocr_par' dir='ltr' id='par_1_1' title="bbox 111 111 1431 166">
     <span class='ocr_line' id='line_1_1' title="bbox 111 111 1431 166; baseline -0.005 -15"><span class='ocrx_word' id='word_1_1' title='bbox 111 111 279 166; x_wconf 65' lang='lat' dir='ltr'><strong>A.n.15.]</strong></span> <span class='ocrx_word' id='word_1_2' title='bbox 507 117 655 149; x_wconf 77' lang='lat' dir='ltr'><em>LIBER</em></span> <span class='ocrx_word' id='word_1_3' title='bbox 684 116 716 148; x_wconf 84' lang='lat' dir='ltr'><strong>J.</strong></span> <span class='ocrx_word' id='word_1_4' title='bbox 761 115 861 147; x_wconf 84' lang='lat' dir='ltr'><strong>CAP.</strong></span> <span class='ocrx_word' id='word_1_5' title='bbox 885 120 1027 157; x_wconf 84' lang='lat'><strong>53-57·</strong></span> <span class='ocrx_word' id='word_1_6' title='bbox 1385 121 1402 155; x_wconf 82' lang='lat'>7</span> <span class='ocrx_word' id='word_1_7' title='bbox 1410 122 1431 157; x_wconf 80' lang='lat'>3</span> 
     </span>
    </p>
   </div>
   <div class='ocr_carea' id='block_1_2' title="bbox 50 215 1506 2331">
    <p class='ocr_par' dir='ltr' id='par_1_2' title="bbox 69 215 1431 398">
     <span class='ocr_line' id='line_1_2' title="bbox 69 215 1430 264; baseline -0.005 -5"><span class='ocrx_word' id='word_1_8' title='bbox 69 229 93 259; x_wconf 76' lang='lat'><em>4</em></span> <span class='ocrx_word' id='word_1_9' title='bbox 111 220 349 258; x_wconf 86' lang='lat' dir='ltr'><strong>discerneret.</strong></span> <span class='ocrx_word' id='word_1_10' title='bbox 405 220 472 258; x_wconf 89' lang='lat' dir='ltr'><strong>sed</strong></span> <span class='ocrx_word' id='word_1_11' title='bbox 503 219 627 257; x_wconf 84' lang='lat' dir='ltr'>Varus</span> <span class='ocrx_word' id='word_1_12' title='bbox 655 218 733 256; x_wconf 88' lang='lat' dir='ltr'><strong>fato</strong></span> <span class='ocrx_word' id='word_1_13' title='bbox 763 225 799 255; x_wconf 93' lang='lat' dir='ltr'><strong>et</strong></span> <span class='ocrx_word' id='word_1_14' title='bbox 827 218 862 254; x_wconf 91' lang='lat' dir='ltr'><strong>vi</strong></span> <span class='ocrx_word' id='word_1_15' title='bbox 891 217 1038 254; x_wconf 84' lang='lat' dir='ltr'>Armini</span> <span class='ocrx_word' id='word_1_16' title='bbox 1068 216 1223 255; x_wconf 88' lang='lat' dir='ltr'><strong>cecidit:</strong></span> <span class='ocrx_word' id='word_1_17' title='bbox 1255 215 1430 264; x_wconf 83' lang='lat' dir='ltr'><strong>Segestes</strong></span> 
     </span>
     <span class='ocr_line' id='line_1_3' title="bbox 110 281 1431 334; baseline -0.005 -13"><span class='ocrx_word' id='word_1_18' title='bbox 110 296 345 334; x_wconf 87' lang='lat' dir='ltr'><strong>quamquam</strong></span> <span class='ocrx_word' id='word_1_19' title='bbox 366 297 559 322; x_wconf 90' lang='lat' dir='ltr'><strong>consensu</strong></span> <span class='ocrx_word' id='word_1_20' title='bbox 577 284 701 333; x_wconf 90' lang='lat' dir='ltr'><strong>gentis</strong></span> <span class='ocrx_word' id='word_1_21' title='bbox 729 283 768 319; x_wconf 92' lang='lat' dir='ltr'><strong>in</strong></span> <span class='ocrx_word' id='word_1_22' title='bbox 790 282 930 319; x_wconf 90' lang='lat' dir='ltr'><strong>bellum</strong></span> <span class='ocrx_word' id='word_1_23' title='bbox 960 287 1098 318; x_wconf 81' lang='lat' dir='ltr'><strong>tractus</strong></span> <span class='ocrx_word' id='word_1_24' title='bbox 1128 281 1272 318; x_wconf 82' lang='lat' dir='ltr'><strong>discors</strong></span> <span class='ocrx_word' id='word_1_25' title='bbox 1301 291 1431 316; x_wconf 83' lang='lat' dir='ltr'><strong>mane-</strong></span> 
     </span>
     <span class='ocr_line' id='line_1_4' title="bbox 110 343 1431 398; baseline -0.005 -12"><span class='ocrx_word' id='word_1_26' title='bbox 110 349 185 393; x_wconf 86' lang='lat' dir='ltr'>bat,</span> <span class='ocrx_word' id='word_1_27' title='bbox 224 349 342 386; x_wconf 89' lang='lat' dir='ltr'><strong>auctis</strong></span> <span class='ocrx_word' id='word_1_28' title='bbox 379 349 551 398; x_wconf 89' lang='lat' dir='ltr'><strong>privatim</strong></span> <span class='ocrx_word' id='word_1_29' title='bbox 588 348 696 393; x_wconf 92' lang='lat' dir='ltr'><strong>odiis,</strong></span> <span class='ocrx_word' id='word_1_30' title='bbox 730 346 834 395; x_wconf 91' lang='lat' dir='ltr'><strong>quod</strong></span> <span class='ocrx_word' id='word_1_31' title='bbox 866 346 1060 384; x_wconf 81' lang='lat' dir='ltr'><strong>Arminius</strong></span> <span class='ocrx_word' id='word_1_32' title='bbox 1099 345 1215 381; x_wconf 90' lang='lat' dir='ltr'><strong>filiam</strong></span> <span class='ocrx_word' id='word_1_33' title='bbox 1253 344 1334 380; x_wconf 90' lang='lat' dir='ltr'><strong>eius</strong></span> <span class='ocrx_word' id='word_1_34' title='bbox 1371 343 1431 380; x_wconf 86' lang='lat' dir='ltr'><strong>alii</strong></span> 
     </span>
    </p>

    <p class='ocr_par' dir='ltr' id='par_1_3' title="bbox 68 407 1466 578">
     <span class='ocr_line' id='line_1_5' title="bbox 68 407 1432 462; baseline -0.006 -11"><span class='ocrx_word' id='word_1_35' title='bbox 68 422 90 451; x_wconf 87' lang='grc'><strong>5</strong></span> <span class='ocrx_word' id='word_1_36' title='bbox 111 419 261 462; x_wconf 85' lang='lat' dir='ltr'><strong>pactam</strong></span> <span class='ocrx_word' id='word_1_37' title='bbox 280 420 466 462; x_wconf 81' lang='lat' dir='ltr'><strong>rapuerat,</strong></span> <span class='ocrx_word' id='word_1_38' title='bbox 486 425 605 461; x_wconf 89' lang='lat' dir='ltr'><strong>gener</strong></span> <span class='ocrx_word' id='word_1_39' title='bbox 627 412 766 449; x_wconf 89' lang='lat' dir='ltr'><strong>invisus</strong></span> <span class='ocrx_word' id='word_1_40' title='bbox 794 411 935 448; x_wconf 90' lang='lat' dir='ltr'><strong>inimici</strong></span> <span class='ocrx_word' id='word_1_41' title='bbox 962 410 1105 455; x_wconf 75' lang='lat' dir='ltr'><strong>soceri5</strong></span> <span class='ocrx_word' id='word_1_42' title='bbox 1136 420 1309 458; x_wconf 87' lang='lat' dir='ltr'><strong>quaeque</strong></span> <span class='ocrx_word' id='word_1_43' title='bbox 1330 407 1432 455; x_wconf 84' lang='lat' dir='ltr'><strong>apud</strong></span> 
     </span>
     <span class='ocr_line' id='line_1_6' title="bbox 92 472 1466 523; baseline -0.004 -9"><span class='ocrx_word' id='word_1_44' title='bbox 92 476 322 514; x_wconf 55' lang='lat' dir='ltr'><strong>&gt;concordes</strong></span> <span class='ocrx_word' id='word_1_45' title='bbox 342 477 490 515; x_wconf 84' lang='lat' dir='ltr'><strong>vincula</strong></span> <span class='ocrx_word' id='word_1_46' title='bbox 510 476 684 522; x_wconf 83' lang='lat' dir='ltr'><strong>caritatis,</strong></span> <span class='ocrx_word' id='word_1_47' title='bbox 705 476 951 513; x_wconf 89' lang='lat' dir='ltr'><strong>incitamenta</strong></span> <span class='ocrx_word' id='word_1_48' title='bbox 970 475 1109 512; x_wconf 86' lang='lat' dir='ltr'><strong>irarum</strong></span> <span class='ocrx_word' id='word_1_49' title='bbox 1135 473 1238 523; x_wconf 87' lang='lat' dir='ltr'><strong>apud</strong></span> <span class='ocrx_word' id='word_1_50' title='bbox 1261 472 1431 510; x_wconf 89' lang='lat' dir='ltr'><strong>infensos</strong></span> <span class='ocrx_word' id='word_1_51' title='bbox 1448 485 1466 517; x_wconf 84' lang='lat'>5</span> 
     </span>
     <span class='ocr_line' id='line_1_7' title="bbox 107 547 224 578; baseline 0.009 -1"><span class='ocrx_word' id='word_1_52' title='bbox 107 547 224 578; x_wconf 90' lang='lat' dir='ltr'><strong>erant.</strong></span> 
     </span>
    </p>

    <p class='ocr_par' dir='ltr' id='par_1_4' title="bbox 111 601 1491 977">
     <span class='ocr_line' id='line_1_8' title="bbox 165 601 1435 654; baseline -0.005 -10"><span class='ocrx_word' id='word_1_53' title='bbox 165 609 232 644; x_wconf 88' lang='lat'><strong>56.</strong></span> <span class='ocrx_word' id='word_1_54' title='bbox 261 605 380 654; x_wconf 87' lang='lat' dir='ltr'><strong>Igitur</strong></span> <span class='ocrx_word' id='word_1_55' title='bbox 413 604 665 644; x_wconf 90' lang='lat' dir='ltr'><strong>Germanicus</strong></span> <span class='ocrx_word' id='word_1_56' title='bbox 703 611 880 653; x_wconf 90' lang='lat' dir='ltr'><strong>quattuor</strong></span> <span class='ocrx_word' id='word_1_57' title='bbox 909 603 1090 652; x_wconf 84' lang='lat' dir='ltr'><strong>legiones,</strong></span> <span class='ocrx_word' id='word_1_58' title='bbox 1123 602 1291 652; x_wconf 93' lang='lat' dir='ltr'><strong>quinque</strong></span> <span class='ocrx_word' id='word_1_59' title='bbox 1329 601 1435 638; x_wconf 86' lang='lat' dir='ltr'><strong>auxi-</strong></span> 
     </span>
     <span class='ocr_line' id='line_1_9' title="bbox 111 666 1436 707; baseline -0.003 -1"><span class='ocrx_word' id='word_1_60' title='bbox 111 669 257 707; x_wconf 86' lang='lat' dir='ltr'><strong>liarium</strong></span> <span class='ocrx_word' id='word_1_61' title='bbox 279 670 381 707; x_wconf 86' lang='lat' dir='ltr'><strong>milia</strong></span> <span class='ocrx_word' id='word_1_62' title='bbox 410 678 447 707; x_wconf 89' lang='lat' dir='ltr'><strong>et</strong></span> <span class='ocrx_word' id='word_1_63' title='bbox 466 669 727 707; x_wconf 88' lang='lat' dir='ltr'><strong>tumultuarias</strong></span> <span class='ocrx_word' id='word_1_64' title='bbox 756 676 925 706; x_wconf 89' lang='lat' dir='ltr'><strong>catervas</strong></span> <span class='ocrx_word' id='word_1_65' title='bbox 947 667 1229 706; x_wconf 89' lang='lat' dir='ltr'><strong>Germanorum</strong></span> <span class='ocrx_word' id='word_1_66' title='bbox 1249 667 1303 704; x_wconf 92' lang='lat' dir='ltr'><strong>cis</strong></span> <span class='ocrx_word' id='word_1_67' title='bbox 1332 666 1436 702; x_wconf 89' lang='lat' dir='ltr'><strong>Rhe-</strong></span> 
     </span>
     <span class='ocr_line' id='line_1_10' title="bbox 112 730 1437 780; baseline -0.002 -10"><span class='ocrx_word' id='word_1_68' title='bbox 112 745 205 771; x_wconf 90' lang='lat' dir='ltr'><strong>num</strong></span> <span class='ocrx_word' id='word_1_69' title='bbox 234 734 439 772; x_wconf 87' lang='lat' dir='ltr'><strong>colentium</strong></span> <span class='ocrx_word' id='word_1_70' title='bbox 468 733 657 772; x_wconf 84' lang='lat' dir='ltr'><strong>Caecinae</strong></span> <span class='ocrx_word' id='word_1_71' title='bbox 688 733 821 780; x_wconf 84' lang='lat' dir='ltr'><strong>tradit3</strong></span> <span class='ocrx_word' id='word_1_72' title='bbox 851 732 1012 770; x_wconf 90' lang='lat' dir='ltr'><strong>totidem</strong></span> <span class='ocrx_word' id='word_1_73' title='bbox 1040 732 1223 780; x_wconf 85' lang='lat' dir='ltr'><strong>legiones,</strong></span> <span class='ocrx_word' id='word_1_74' title='bbox 1245 730 1437 779; x_wconf 89' lang='lat' dir='ltr'><strong>duplicem</strong></span> 
     </span>
     <span class='ocr_line' id='line_1_11' title="bbox 112 795 1491 847; baseline -0.004 -11"><span class='ocrx_word' id='word_1_75' title='bbox 112 800 303 836; x_wconf 88' lang='lat' dir='ltr'><strong>sociorum</strong></span> <span class='ocrx_word' id='word_1_76' title='bbox 333 810 533 837; x_wconf 90' lang='lat' dir='ltr'><strong>numerum</strong></span> <span class='ocrx_word' id='word_1_77' title='bbox 561 798 643 847; x_wconf 85' lang='lat' dir='ltr'><strong>ipse</strong></span> <span class='ocrx_word' id='word_1_78' title='bbox 672 797 786 841; x_wconf 91' lang='lat' dir='ltr'><strong>ducit,</strong></span> <span class='ocrx_word' id='word_1_79' title='bbox 816 798 1021 846; x_wconf 90' lang='lat' dir='ltr'><strong>positoque</strong></span> <span class='ocrx_word' id='word_1_80' title='bbox 1049 795 1204 834; x_wconf 87' lang='lat' dir='ltr'><strong>castello</strong></span> <span class='ocrx_word' id='word_1_81' title='bbox 1233 807 1346 844; x_wconf 91' lang='lat' dir='ltr'><strong>super</strong></span> <span class='ocrx_word' id='word_1_82' title='bbox 1373 807 1436 832; x_wconf 91' lang='lat' dir='ltr'><strong>ve·</strong></span> <span class='ocrx_word' id='word_1_83' title='bbox 1453 809 1491 832; x_wconf 87' lang='lat'><strong>10</strong></span> 
     </span>
     <span class='ocr_line' id='line_1_12' title="bbox 113 859 1438 913; baseline -0.004 -12"><span class='ocrx_word' id='word_1_84' title='bbox 113 863 223 912; x_wconf 87' lang='lat' dir='ltr'><strong>stigia</strong></span> <span class='ocrx_word' id='word_1_85' title='bbox 242 863 389 913; x_wconf 88' lang='lat' dir='ltr'><strong>paterni</strong></span> <span class='ocrx_word' id='word_1_86' title='bbox 409 862 584 912; x_wconf 89' lang='lat' dir='ltr'><strong>praesidii</strong></span> <span class='ocrx_word' id='word_1_87' title='bbox 611 862 649 899; x_wconf 91' lang='lat' dir='ltr'><strong>in</strong></span> <span class='ocrx_word' id='word_1_88' title='bbox 669 870 800 899; x_wconf 89' lang='lat' dir='ltr'><strong>monte</strong></span> <span class='ocrx_word' id='word_1_89' title='bbox 821 861 961 899; x_wconf 86' lang='lat' dir='ltr'><strong>Tauno</strong></span> <span class='ocrx_word' id='word_1_90' title='bbox 987 860 1208 910; x_wconf 84' lang='lat' dir='ltr'><strong>expeditum</strong></span> <span class='ocrx_word' id='word_1_91' title='bbox 1231 859 1438 898; x_wconf 78' lang='lat' dir='ltr'><strong>exercitum</strong></span> 
     </span>
     <span class='ocr_line' id='line_1_13' title="bbox 113 923 1439 977; baseline -0.003 -13"><span class='ocrx_word' id='word_1_92' title='bbox 113 929 151 964; x_wconf 91' lang='lat' dir='ltr'><strong>in</strong></span> <span class='ocrx_word' id='word_1_93' title='bbox 179 927 336 966; x_wconf 85' lang='lat' dir='ltr'><strong>Chattos</strong></span> <span class='ocrx_word' id='word_1_94' title='bbox 365 927 471 977; x_wconf 91' lang='lat' dir='ltr'><strong>rapit,</strong></span> <span class='ocrx_word' id='word_1_95' title='bbox 494 926 538 964; x_wconf 93' lang='lat' dir='ltr'><strong>L.</strong></span> <span class='ocrx_word' id='word_1_96' title='bbox 559 927 735 975; x_wconf 85' lang='lat' dir='ltr'><strong>Apronio</strong></span> <span class='ocrx_word' id='word_1_97' title='bbox 760 926 808 964; x_wconf 88' lang='lat' dir='ltr'><strong>ad</strong></span> <span class='ocrx_word' id='word_1_98' title='bbox 835 926 1067 963; x_wconf 88' lang='lat' dir='ltr'><strong>munitiones</strong></span> <span class='ocrx_word' id='word_1_99' title='bbox 1092 926 1236 962; x_wconf 87' lang='lat' dir='ltr'><strong>viarum</strong></span> <span class='ocrx_word' id='word_1_100' title='bbox 1259 930 1296 962; x_wconf 92' lang='lat' dir='ltr'><strong>et</strong></span> <span class='ocrx_word' id='word_1_101' title='bbox 1315 923 1439 961; x_wconf 84' lang='lat' dir='ltr'><strong>flumi-</strong></span> 
     </span>
    </p>

    <p class='ocr_par' dir='ltr' id='par_1_5' title="bbox 73 989 1441 1106">
     <span class='ocr_line' id='line_1_14' title="bbox 73 989 1440 1041; baseline -0.005 -10"><span class='ocrx_word' id='word_1_102' title='bbox 73 1002 94 1031; x_wconf 88' lang='lat'>2</span> <span class='ocrx_word' id='word_1_103' title='bbox 114 1004 207 1029; x_wconf 89' lang='lat' dir='ltr'><strong>num</strong></span> <span class='ocrx_word' id='word_1_104' title='bbox 245 991 386 1030; x_wconf 90' lang='lat' dir='ltr'><strong>relicto.</strong></span> <span class='ocrx_word' id='word_1_105' title='bbox 441 1003 532 1029; x_wconf 90' lang='lat' dir='ltr'><strong>nam</strong></span> <span class='ocrx_word' id='word_1_106' title='bbox 563 989 706 1041; x_wconf 90' lang='lat' dir='ltr'><strong>(rarum</strong></span> <span class='ocrx_word' id='word_1_107' title='bbox 740 991 790 1028; x_wconf 86' lang='lat' dir='ltr'><strong>illi</strong></span> <span class='ocrx_word' id='word_1_108' title='bbox 829 989 955 1040; x_wconf 87' lang='lat' dir='ltr'><strong>caelo)</strong></span> <span class='ocrx_word' id='word_1_109' title='bbox 990 990 1158 1027; x_wconf 81' lang='lat' dir='ltr'><strong>siccitate</strong></span> <span class='ocrx_word' id='word_1_110' title='bbox 1191 994 1228 1026; x_wconf 92' lang='lat' dir='ltr'><strong>et</strong></span> <span class='ocrx_word' id='word_1_111' title='bbox 1262 989 1440 1025; x_wconf 85' lang='lat' dir='ltr'><strong>amnibus</strong></span> 
     </span>
     <span class='ocr_line' id='line_1_15' title="bbox 114 1040 1441 1106; baseline -0.004 -12"><span class='ocrx_word' id='word_1_112' title='bbox 114 1056 274 1095; x_wconf 89' lang='lat' dir='ltr'><strong>modicis</strong></span> <span class='ocrx_word' id='word_1_113' title='bbox 294 1056 525 1094; x_wconf 88' lang='lat' dir='ltr'><strong>inoffensum</strong></span> <span class='ocrx_word' id='word_1_114' title='bbox 544 1056 613 1093; x_wconf 87' lang='lat' dir='ltr'><strong>iter</strong></span> <span class='ocrx_word' id='word_1_115' title='bbox 633 1062 912 1106; x_wconf 88' lang='lat' dir='ltr'><strong>properaverat,</strong></span> <span class='ocrx_word' id='word_1_116' title='bbox 933 1055 1150 1104; x_wconf 89' lang='lat' dir='ltr'><strong>imbresque</strong></span> <span class='ocrx_word' id='word_1_117' title='bbox 1178 1060 1214 1090; x_wconf 92' lang='lat' dir='ltr'><strong>et</strong></span> <span class='ocrx_word' id='word_1_118' title='bbox 1230 1040 1441 1090; x_wconf 60' lang='lat' dir='ltr'><strong>‘fluminum</strong></span> 
     </span>
    </p>

    <p class='ocr_par' dir='ltr' id='par_1_6' title="bbox 50 1111 1494 1235">
     <span class='ocr_line' id='line_1_16' title="bbox 50 1111 1494 1169; baseline -0.005 -9"><span class='ocrx_word' id='word_1_119' title='bbox 50 1111 53 1113; x_wconf 40' lang='grc'><strong>’</strong></span> <span class='ocrx_word' id='word_1_120' title='bbox 73 1132 94 1161; x_wconf 88' lang='grc'><strong>3</strong></span> <span class='ocrx_word' id='word_1_121' title='bbox 115 1129 248 1159; x_wconf 88' lang='lat' dir='ltr'><strong>auctus</strong></span> <span class='ocrx_word' id='word_1_122' title='bbox 268 1120 493 1169; x_wconf 87' lang='lat' dir='ltr'><strong>regredienti</strong></span> <span class='ocrx_word' id='word_1_123' title='bbox 513 1122 793 1159; x_wconf 86' lang='lat' dir='ltr'><strong>metuebantur.</strong></span> <span class='ocrx_word' id='word_1_124' title='bbox 848 1120 917 1158; x_wconf 89' lang='lat' dir='ltr'><strong>sed</strong></span> <span class='ocrx_word' id='word_1_125' title='bbox 938 1119 1086 1158; x_wconf 86' lang='lat' dir='ltr'><strong>Chattis</strong></span> <span class='ocrx_word' id='word_1_126' title='bbox 1107 1118 1203 1156; x_wconf 91' lang='lat' dir='ltr'><strong>adeo</strong></span> <span class='ocrx_word' id='word_1_127' title='bbox 1228 1117 1441 1166; x_wconf 87' lang='lat' dir='ltr'><strong>inprovisus</strong></span> <span class='ocrx_word' id='word_1_128' title='bbox 1459 1132 1494 1163; x_wconf 89' lang='lat'><strong>15</strong></span> 
     </span>
     <span class='ocr_line' id='line_1_17' title="bbox 115 1182 1443 1235; baseline -0.004 -12"><span class='ocrx_word' id='word_1_129' title='bbox 115 1185 274 1231; x_wconf 85' lang='lat' dir='ltr'><strong>advenit,</strong></span> <span class='ocrx_word' id='word_1_130' title='bbox 303 1192 344 1223; x_wconf 91' lang='lat' dir='ltr'><strong>ut</strong></span> <span class='ocrx_word' id='word_1_131' title='bbox 372 1185 476 1235; x_wconf 91' lang='lat' dir='ltr'><strong>quod</strong></span> <span class='ocrx_word' id='word_1_132' title='bbox 507 1184 740 1222; x_wconf 85' lang='lat' dir='ltr'><strong>imbecillum</strong></span> <span class='ocrx_word' id='word_1_133' title='bbox 778 1191 901 1223; x_wconf 88' lang='lat' dir='ltr'><strong>aetate</strong></span> <span class='ocrx_word' id='word_1_134' title='bbox 930 1197 975 1222; x_wconf 91' lang='lat' dir='ltr'><strong>ac</strong></span> <span class='ocrx_word' id='word_1_135' title='bbox 1009 1195 1103 1220; x_wconf 81' lang='lat' dir='ltr'><strong>sexu</strong></span> <span class='ocrx_word' id='word_1_136' title='bbox 1134 1182 1261 1219; x_wconf 88' lang='lat' dir='ltr'><strong>statim</strong></span> <span class='ocrx_word' id='word_1_137' title='bbox 1289 1190 1443 1231; x_wconf 88' lang='lat' dir='ltr'><strong>captum</strong></span> 
     </span>
    </p>

    <p class='ocr_par' dir='ltr' id='par_1_7' title="bbox 74 1238 1443 1290">
     <span class='ocr_line' id='line_1_18' title="bbox 74 1238 1443 1290; baseline -0.005 -1"><span class='ocrx_word' id='word_1_138' title='bbox 74 1262 98 1290; x_wconf 76' lang='lat'><strong>4</strong></span> <span class='ocrx_word' id='word_1_139' title='bbox 117 1256 180 1287; x_wconf 91' lang='lat' dir='ltr'><strong>aut</strong></span> <span class='ocrx_word' id='word_1_140' title='bbox 199 1250 426 1287; x_wconf 81' lang='lat' dir='ltr'><strong>trucidatum</strong></span> <span class='ocrx_word' id='word_1_141' title='bbox 447 1238 504 1287; x_wconf 85' lang='lat' dir='ltr'><strong>sit.</strong></span> <span class='ocrx_word' id='word_1_142' title='bbox 560 1250 735 1287; x_wconf 89' lang='lat' dir='ltr'><strong>iuventus</strong></span> <span class='ocrx_word' id='word_1_143' title='bbox 755 1249 899 1286; x_wconf 76' lang='lat' dir='ltr'><strong>flumen</strong></span> <span class='ocrx_word' id='word_1_144' title='bbox 913 1248 1108 1286; x_wconf 86' lang='lat' dir='ltr'><strong>Adranam</strong></span> <span class='ocrx_word' id='word_1_145' title='bbox 1128 1246 1258 1284; x_wconf 89' lang='lat' dir='ltr'><strong>nando</strong></span> <span class='ocrx_word' id='word_1_146' title='bbox 1273 1246 1443 1283; x_wconf 88' lang='lat' dir='ltr'><strong>tramise-</strong></span> 
     </span>
    </p>

    <p class='ocr_par' dir='ltr' id='par_1_8' title="bbox 76 1311 1498 1494">
     <span class='ocr_line' id='line_1_19' title="bbox 76 1311 1445 1364; baseline -0.003 -12"><span class='ocrx_word' id='word_1_147' title='bbox 76 1327 97 1356; x_wconf 84' lang='lat'><strong>5</strong></span> <span class='ocrx_word' id='word_1_148' title='bbox 114 1322 182 1361; x_wconf 91' lang='lat' dir='ltr'><strong>rat,</strong></span> <span class='ocrx_word' id='word_1_149' title='bbox 204 1314 479 1364; x_wconf 86' lang='lat' dir='ltr'><strong>Romanosque</strong></span> <span class='ocrx_word' id='word_1_150' title='bbox 492 1320 651 1364; x_wconf 89' lang='lat' dir='ltr'><strong>pontem</strong></span> <span class='ocrx_word' id='word_1_151' title='bbox 666 1315 878 1364; x_wconf 86' lang='lat' dir='ltr'><strong>coeptantis</strong></span> <span class='ocrx_word' id='word_1_152' title='bbox 898 1314 1090 1351; x_wconf 88' lang='lat' dir='ltr'><strong>arcebant.</strong></span> <span class='ocrx_word' id='word_1_153' title='bbox 1146 1311 1236 1349; x_wconf 91' lang='lat' dir='ltr'><strong>dein</strong></span> <span class='ocrx_word' id='word_1_154' title='bbox 1247 1311 1445 1349; x_wconf 87' lang='lat' dir='ltr'><strong>tormentis</strong></span> 
     </span>
     <span class='ocr_line' id='line_1_20' title="bbox 116 1375 1443 1429; baseline -0.003 -13"><span class='ocrx_word' id='word_1_155' title='bbox 116 1380 335 1429; x_wconf 87' lang='lat' dir='ltr'><strong>sagittisque</strong></span> <span class='ocrx_word' id='word_1_156' title='bbox 365 1379 475 1429; x_wconf 90' lang='lat' dir='ltr'><strong>pulsi,</strong></span> <span class='ocrx_word' id='word_1_157' title='bbox 505 1379 698 1428; x_wconf 85' lang='lat' dir='ltr'><strong>temptatis</strong></span> <span class='ocrx_word' id='word_1_158' title='bbox 727 1379 862 1417; x_wconf 88' lang='lat' dir='ltr'><strong>frustra</strong></span> <span class='ocrx_word' id='word_1_159' title='bbox 890 1377 1179 1419; x_wconf 86' lang='lat' dir='ltr'><strong>condicionibus</strong></span> <span class='ocrx_word' id='word_1_160' title='bbox 1207 1375 1324 1425; x_wconf 90' lang='lat' dir='ltr'><strong>pacis,</strong></span> <span class='ocrx_word' id='word_1_161' title='bbox 1354 1387 1443 1414; x_wconf 91' lang='lat' dir='ltr'><strong>eum</strong></span> 
     </span>
     <span class='ocr_line' id='line_1_21' title="bbox 117 1441 1498 1494; baseline -0.004 -12"><span class='ocrx_word' id='word_1_162' title='bbox 117 1445 273 1494; x_wconf 86' lang='lat' dir='ltr'><strong>quidam</strong></span> <span class='ocrx_word' id='word_1_163' title='bbox 303 1444 352 1481; x_wconf 89' lang='lat' dir='ltr'><strong>ad</strong></span> <span class='ocrx_word' id='word_1_164' title='bbox 384 1443 658 1482; x_wconf 87' lang='lat' dir='ltr'><strong>Germanicum</strong></span> <span class='ocrx_word' id='word_1_165' title='bbox 689 1443 955 1493; x_wconf 84' lang='lat' dir='ltr'><strong>perfugissent,</strong></span> <span class='ocrx_word' id='word_1_166' title='bbox 993 1441 1128 1492; x_wconf 74' lang='lat' dir='ltr'><strong>reIIqui</strong></span> <span class='ocrx_word' id='word_1_167' title='bbox 1156 1441 1307 1478; x_wconf 88' lang='lat' dir='ltr'><strong>omissis</strong></span> <span class='ocrx_word' id='word_1_168' title='bbox 1335 1441 1443 1489; x_wconf 85' lang='lat' dir='ltr'><strong>pagis</strong></span> <span class='ocrx_word' id='word_1_169' title='bbox 1459 1456 1498 1476; x_wconf 86' lang='lat'><strong>20</strong></span> 
     </span>
    </p>

    <p class='ocr_par' dir='ltr' id='par_1_9' title="bbox 75 1503 1448 1686">
     <span class='ocr_line' id='line_1_22' title="bbox 75 1503 1446 1565; baseline -0.004 -18"><span class='ocrx_word' id='word_1_170' title='bbox 75 1518 98 1547; x_wconf 76' lang='lat'>8</span> <span class='ocrx_word' id='word_1_171' title='bbox 118 1509 284 1558; x_wconf 84' lang='lat' dir='ltr'><strong>vicisque</strong></span> <span class='ocrx_word' id='word_1_172' title='bbox 315 1509 353 1545; x_wconf 91' lang='lat' dir='ltr'><strong>in</strong></span> <span class='ocrx_word' id='word_1_173' title='bbox 384 1508 497 1546; x_wconf 85' lang='lat' dir='ltr'><strong>silvas</strong></span> <span class='ocrx_word' id='word_1_174' title='bbox 528 1508 809 1558; x_wconf 87' lang='lat' dir='ltr'><strong>disperguntur.</strong></span> <span class='ocrx_word' id='word_1_175' title='bbox 867 1507 1008 1546; x_wconf 87' lang='lat' dir='ltr'><strong>Caesar</strong></span> <span class='ocrx_word' id='word_1_176' title='bbox 1041 1507 1200 1544; x_wconf 90' lang='lat' dir='ltr'><strong>incenso</strong></span> <span class='ocrx_word' id='word_1_177' title='bbox 1231 1503 1368 1542; x_wconf 88' lang='lat' dir='ltr'><strong>Mattio</strong></span> <span class='ocrx_word' id='word_1_178' title='bbox 1392 1503 1446 1565; x_wconf 57' lang='lat' dir='ltr'><strong>&lt;id</strong></span> 
     </span>
     <span class='ocr_line' id='line_1_23' title="bbox 118 1570 1446 1623; baseline -0.003 -13"><span class='ocrx_word' id='word_1_179' title='bbox 118 1573 223 1622; x_wconf 87' lang='lat' dir='ltr'><strong>genti</strong></span> <span class='ocrx_word' id='word_1_180' title='bbox 251 1570 381 1623; x_wconf 87' lang='lat' dir='ltr'><strong>caput)</strong></span> <span class='ocrx_word' id='word_1_181' title='bbox 412 1579 542 1622; x_wconf 90' lang='lat' dir='ltr'><strong>aperta</strong></span> <span class='ocrx_word' id='word_1_182' title='bbox 571 1573 774 1622; x_wconf 88' lang='lat' dir='ltr'><strong>populatus</strong></span> <span class='ocrx_word' id='word_1_183' title='bbox 805 1572 910 1610; x_wconf 89' lang='lat' dir='ltr'><strong>vertit</strong></span> <span class='ocrx_word' id='word_1_184' title='bbox 939 1572 988 1609; x_wconf 88' lang='lat' dir='ltr'><strong>ad</strong></span> <span class='ocrx_word' id='word_1_185' title='bbox 1018 1570 1211 1615; x_wconf 89' lang='lat' dir='ltr'><strong>Rhenum,</strong></span> <span class='ocrx_word' id='word_1_186' title='bbox 1241 1581 1322 1606; x_wconf 90' lang='lat' dir='ltr'><strong>non</strong></span> <span class='ocrx_word' id='word_1_187' title='bbox 1350 1581 1446 1607; x_wconf 90' lang='lat' dir='ltr'><strong>auso</strong></span> 
     </span>
     <span class='ocr_line' id='line_1_24' title="bbox 119 1635 1448 1686; baseline -0.002 -13"><span class='ocrx_word' id='word_1_188' title='bbox 119 1636 228 1675; x_wconf 90' lang='lat' dir='ltr'><strong>hoste</strong></span> <span class='ocrx_word' id='word_1_189' title='bbox 261 1643 367 1686; x_wconf 89' lang='lat' dir='ltr'><strong>terga</strong></span> <span class='ocrx_word' id='word_1_190' title='bbox 403 1637 623 1675; x_wconf 87' lang='lat' dir='ltr'><strong>abeuntium</strong></span> <span class='ocrx_word' id='word_1_191' title='bbox 661 1637 862 1683; x_wconf 90' lang='lat' dir='ltr'><strong>lacessere,</strong></span> <span class='ocrx_word' id='word_1_192' title='bbox 894 1637 1001 1686; x_wconf 92' lang='lat' dir='ltr'><strong>quod</strong></span> <span class='ocrx_word' id='word_1_193' title='bbox 1030 1635 1081 1672; x_wconf 89' lang='lat' dir='ltr'><strong>illi</strong></span> <span class='ocrx_word' id='word_1_194' title='bbox 1115 1635 1241 1680; x_wconf 90' lang='lat' dir='ltr'><strong>moris,</strong></span> <span class='ocrx_word' id='word_1_195' title='bbox 1272 1635 1448 1684; x_wconf 86' lang='lat' dir='ltr'><strong>quotiens</strong></span> 
     </span>
    </p>

    <p class='ocr_par' dir='ltr' id='par_1_10' title="bbox 79 1698 1476 1879">
     <span class='ocr_line' id='line_1_25' title="bbox 79 1698 1449 1751; baseline -0.001 -13"><span class='ocrx_word' id='word_1_196' title='bbox 79 1711 99 1743; x_wconf 83' lang='grc'><strong>7</strong></span> <span class='ocrx_word' id='word_1_197' title='bbox 119 1709 202 1738; x_wconf 88' lang='lat' dir='ltr'><strong>astu</strong></span> <span class='ocrx_word' id='word_1_198' title='bbox 221 1702 343 1751; x_wconf 89' lang='lat' dir='ltr'><strong>magis</strong></span> <span class='ocrx_word' id='word_1_199' title='bbox 369 1713 484 1751; x_wconf 85' lang='lat' dir='ltr'><strong>quam</strong></span> <span class='ocrx_word' id='word_1_200' title='bbox 505 1714 572 1751; x_wconf 90' lang='lat' dir='ltr'><strong>per</strong></span> <span class='ocrx_word' id='word_1_201' title='bbox 591 1701 833 1740; x_wconf 83' lang='lat' dir='ltr'><strong>formidinem</strong></span> <span class='ocrx_word' id='word_1_202' title='bbox 852 1701 974 1740; x_wconf 87' lang='lat' dir='ltr'><strong>cessit.</strong></span> <span class='ocrx_word' id='word_1_203' title='bbox 1031 1700 1151 1737; x_wconf 87' lang='lat' dir='ltr'><strong>fuerat</strong></span> <span class='ocrx_word' id='word_1_204' title='bbox 1174 1699 1323 1736; x_wconf 89' lang='lat' dir='ltr'><strong>animus</strong></span> <span class='ocrx_word' id='word_1_205' title='bbox 1348 1698 1449 1737; x_wconf 89' lang='lat' dir='ltr'><strong>Che·</strong></span> 
     </span>
     <span class='ocr_line' id='line_1_26' title="bbox 119 1763 1476 1811; baseline -0.001 -9"><span class='ocrx_word' id='word_1_206' title='bbox 119 1766 238 1803; x_wconf 90' lang='lat' dir='ltr'><strong>ruscis</strong></span> <span class='ocrx_word' id='word_1_207' title='bbox 261 1767 387 1803; x_wconf 87' lang='lat' dir='ltr'><strong>iuvare</strong></span> <span class='ocrx_word' id='word_1_208' title='bbox 417 1765 588 1811; x_wconf 84' lang='lat' dir='ltr'><strong>Chattos,</strong></span> <span class='ocrx_word' id='word_1_209' title='bbox 610 1766 678 1803; x_wconf 89' lang='lat' dir='ltr'><strong>sed</strong></span> <span class='ocrx_word' id='word_1_210' title='bbox 707 1766 884 1804; x_wconf 85' lang='lat' dir='ltr'><strong>exterruit</strong></span> <span class='ocrx_word' id='word_1_211' title='bbox 904 1765 1071 1803; x_wconf 78' lang='lat' dir='ltr'><strong>Caecina</strong></span> <span class='ocrx_word' id='word_1_212' title='bbox 1101 1764 1175 1801; x_wconf 89' lang='lat' dir='ltr'><strong>huc</strong></span> <span class='ocrx_word' id='word_1_213' title='bbox 1204 1763 1290 1800; x_wconf 89' lang='lat' dir='ltr'><strong>illuc</strong></span> <span class='ocrx_word' id='word_1_214' title='bbox 1321 1763 1444 1801; x_wconf 89' lang='lat' dir='ltr'><strong>ferens</strong></span> <span class='ocrx_word' id='word_1_215' title='bbox 1462 1779 1476 1799; x_wconf 84' lang='lat'><em>2</em></span> 
     </span>
     <span class='ocr_line' id='line_1_27' title="bbox 120 1827 1404 1879; baseline -0.001 -12"><span class='ocrx_word' id='word_1_216' title='bbox 120 1841 225 1867; x_wconf 83' lang='lat' dir='ltr'><strong>arma</strong></span> <span class='ocrx_word' id='word_1_217' title='bbox 242 1843 252 1877; x_wconf 83' lang='lat'><em>3</em></span> <span class='ocrx_word' id='word_1_218' title='bbox 281 1838 319 1867; x_wconf 91' lang='lat' dir='ltr'><strong>et</strong></span> <span class='ocrx_word' id='word_1_219' title='bbox 338 1829 490 1867; x_wconf 86' lang='lat' dir='ltr'><strong>Marsos</strong></span> <span class='ocrx_word' id='word_1_220' title='bbox 511 1830 693 1879; x_wconf 88' lang='lat' dir='ltr'><strong>congredi</strong></span> <span class='ocrx_word' id='word_1_221' title='bbox 712 1842 827 1867; x_wconf 90' lang='lat' dir='ltr'><strong>ausos</strong></span> <span class='ocrx_word' id='word_1_222' title='bbox 847 1841 1034 1879; x_wconf 89' lang='lat' dir='ltr'><strong>prospero</strong></span> <span class='ocrx_word' id='word_1_223' title='bbox 1055 1828 1201 1878; x_wconf 87' lang='lat' dir='ltr'><strong>proelio</strong></span> <span class='ocrx_word' id='word_1_224' title='bbox 1224 1827 1404 1866; x_wconf 89' lang='lat' dir='ltr'><strong>cohibuit.</strong></span> 
     </span>
    </p>

    <p class='ocr_par' dir='ltr' id='par_1_11' title="bbox 120 1893 1506 2138">
     <span class='ocr_line' id='line_1_28' title="bbox 176 1893 1450 1944; baseline -0.003 -11"><span class='ocrx_word' id='word_1_225' title='bbox 176 1898 242 1933; x_wconf 88' lang='lat'><strong>57.</strong></span> <span class='ocrx_word' id='word_1_226' title='bbox 271 1893 407 1944; x_wconf 89' lang='lat' dir='ltr'><strong>Neque</strong></span> <span class='ocrx_word' id='word_1_227' title='bbox 441 1894 560 1932; x_wconf 88' lang='lat' dir='ltr'><strong>multo</strong></span> <span class='ocrx_word' id='word_1_228' title='bbox 601 1901 690 1944; x_wconf 88' lang='lat' dir='ltr'><strong>post</strong></span> <span class='ocrx_word' id='word_1_229' title='bbox 727 1895 841 1943; x_wconf 88' lang='lat' dir='ltr'><strong>legati</strong></span> <span class='ocrx_word' id='word_1_230' title='bbox 879 1906 902 1931; x_wconf 91' lang='lat' dir='ltr'><strong>a</strong></span> <span class='ocrx_word' id='word_1_231' title='bbox 940 1894 1095 1942; x_wconf 82' lang='lat' dir='ltr'><strong>Segeste</strong></span> <span class='ocrx_word' id='word_1_232' title='bbox 1129 1900 1312 1929; x_wconf 88' lang='lat' dir='ltr'><strong>venerunt</strong></span> <span class='ocrx_word' id='word_1_233' title='bbox 1344 1893 1450 1930; x_wconf 77' lang='lat' dir='ltr'><strong>auxi-</strong></span> 
     </span>
     <span class='ocr_line' id='line_1_29' title="bbox 120 1956 1451 2008; baseline -0.002 -13"><span class='ocrx_word' id='word_1_234' title='bbox 120 1957 213 1995; x_wconf 87' lang='lat' dir='ltr'><strong>lium</strong></span> <span class='ocrx_word' id='word_1_235' title='bbox 241 1965 392 1996; x_wconf 90' lang='lat' dir='ltr'><strong>orantes</strong></span> <span class='ocrx_word' id='word_1_236' title='bbox 422 1958 602 1996; x_wconf 89' lang='lat' dir='ltr'><strong>adversus</strong></span> <span class='ocrx_word' id='word_1_237' title='bbox 634 1960 711 1996; x_wconf 90' lang='lat' dir='ltr'><strong>vim</strong></span> <span class='ocrx_word' id='word_1_238' title='bbox 744 1958 998 2008; x_wconf 90' lang='lat' dir='ltr'><strong>popularium,</strong></span> <span class='ocrx_word' id='word_1_239' title='bbox 1026 1969 1050 1995; x_wconf 86' lang='lat' dir='ltr'><strong>a</strong></span> <span class='ocrx_word' id='word_1_240' title='bbox 1080 1957 1164 2006; x_wconf 90' lang='lat' dir='ltr'><strong>quis</strong></span> <span class='ocrx_word' id='word_1_241' title='bbox 1196 1956 1451 1994; x_wconf 86' lang='lat' dir='ltr'><strong>circumsede-</strong></span> 
     </span>
     <span class='ocr_line' id='line_1_30' title="bbox 123 2021 1450 2073; baseline 0 -13"><span class='ocrx_word' id='word_1_242' title='bbox 123 2023 242 2068; x_wconf 89' lang='lat' dir='ltr'><strong>batur‚</strong></span> <span class='ocrx_word' id='word_1_243' title='bbox 262 2022 439 2060; x_wconf 89' lang='lat' dir='ltr'><strong>validiore</strong></span> <span class='ocrx_word' id='word_1_244' title='bbox 460 2024 561 2072; x_wconf 88' lang='lat' dir='ltr'><strong>apud</strong></span> <span class='ocrx_word' id='word_1_245' title='bbox 582 2035 648 2061; x_wconf 92' lang='lat' dir='ltr'><strong>eos</strong></span> <span class='ocrx_word' id='word_1_246' title='bbox 668 2024 853 2069; x_wconf 87' lang='lat' dir='ltr'><strong>Arminio,</strong></span> <span class='ocrx_word' id='word_1_247' title='bbox 875 2023 1061 2073; x_wconf 89' lang='lat' dir='ltr'><strong>quoniam</strong></span> <span class='ocrx_word' id='word_1_248' title='bbox 1080 2021 1221 2058; x_wconf 89' lang='lat' dir='ltr'><strong>bellum</strong></span> <span class='ocrx_word' id='word_1_249' title='bbox 1242 2021 1450 2060; x_wconf 85' lang='lat' dir='ltr'><strong>suadebat:</strong></span> 
     </span>
     <span class='ocr_line' id='line_1_31' title="bbox 124 2086 1506 2138; baseline -0.001 -15"><span class='ocrx_word' id='word_1_250' title='bbox 124 2099 214 2123; x_wconf 90' lang='lat' dir='ltr'><strong>nam</strong></span> <span class='ocrx_word' id='word_1_251' title='bbox 245 2087 422 2133; x_wconf 87' lang='lat' dir='ltr'><strong>barbaris,</strong></span> <span class='ocrx_word' id='word_1_252' title='bbox 454 2094 597 2136; x_wconf 89' lang='lat' dir='ltr'><strong>quanto</strong></span> <span class='ocrx_word' id='word_1_253' title='bbox 631 2089 715 2138; x_wconf 90' lang='lat' dir='ltr'><strong>quis</strong></span> <span class='ocrx_word' id='word_1_254' title='bbox 748 2088 909 2125; x_wconf 88' lang='lat' dir='ltr'><strong>audacia</strong></span> <span class='ocrx_word' id='word_1_255' title='bbox 941 2093 1153 2136; x_wconf 89' lang='lat' dir='ltr'><strong>promptus,</strong></span> <span class='ocrx_word' id='word_1_256' title='bbox 1183 2092 1289 2123; x_wconf 87' lang='lat' dir='ltr'><strong>tanto</strong></span> <span class='ocrx_word' id='word_1_257' title='bbox 1327 2086 1448 2134; x_wconf 83' lang='lat' dir='ltr'><strong>magis</strong></span> <span class='ocrx_word' id='word_1_258' title='bbox 1463 2101 1506 2131; x_wconf 76' lang='lat'><strong>3³</strong></span> 
     </span>
    </p>

    <p class='ocr_par' dir='ltr' id='par_1_12' title="bbox 84 2149 1452 2331">
     <span class='ocr_line' id='line_1_32' title="bbox 84 2149 1451 2202; baseline -0.004 -11"><span class='ocrx_word' id='word_1_259' title='bbox 84 2151 222 2192; x_wconf 87' lang='lat' dir='ltr'><strong>2fidus</strong></span> <span class='ocrx_word' id='word_1_260' title='bbox 264 2153 452 2200; x_wconf 90' lang='lat' dir='ltr'><strong>rebusque</strong></span> <span class='ocrx_word' id='word_1_261' title='bbox 495 2153 609 2189; x_wconf 90' lang='lat' dir='ltr'><strong>motis</strong></span> <span class='ocrx_word' id='word_1_262' title='bbox 648 2152 772 2202; x_wconf 88' lang='lat' dir='ltr'><strong>potior</strong></span> <span class='ocrx_word' id='word_1_263' title='bbox 810 2152 980 2189; x_wconf 85' lang='lat' dir='ltr'><strong>habetur.</strong></span> <span class='ocrx_word' id='word_1_264' title='bbox 1036 2150 1234 2188; x_wconf 86' lang='lat' dir='ltr'><strong>addiderat</strong></span> <span class='ocrx_word' id='word_1_265' title='bbox 1273 2149 1451 2198; x_wconf 88' lang='lat' dir='ltr'><strong>Segestes</strong></span> 
     </span>
     <span class='ocr_line' id='line_1_33' title="bbox 125 2214 1452 2265; baseline -0.002 -12"><span class='ocrx_word' id='word_1_266' title='bbox 125 2215 257 2265; x_wconf 86' lang='lat' dir='ltr'><strong>legatis</strong></span> <span class='ocrx_word' id='word_1_267' title='bbox 277 2215 406 2262; x_wconf 88' lang='lat' dir='ltr'><strong>filium,</strong></span> <span class='ocrx_word' id='word_1_268' title='bbox 428 2216 586 2254; x_wconf 90' lang='lat' dir='ltr'><strong>nomine</strong></span> <span class='ocrx_word' id='word_1_269' title='bbox 616 2215 918 2265; x_wconf 89' lang='lat' dir='ltr'><strong>Segimundum:</strong></span> <span class='ocrx_word' id='word_1_270' title='bbox 943 2215 1016 2253; x_wconf 80' lang='lat' dir='ltr'><strong>sed</strong></span> <span class='ocrx_word' id='word_1_271' title='bbox 1043 2214 1189 2252; x_wconf 88' lang='lat' dir='ltr'><strong>iuvenis</strong></span> <span class='ocrx_word' id='word_1_272' title='bbox 1218 2214 1452 2251; x_wconf 76' lang='lat' dir='ltr'><strong>conscientia</strong></span> 
     </span>
     <span class='ocr_line' id='line_1_34' title="bbox 125 2278 1451 2331; baseline -0.003 -13"><span class='ocrx_word' id='word_1_273' title='bbox 125 2280 382 2318; x_wconf 84' lang='lat' dir='ltr'><strong>cunctabatur.</strong></span> <span class='ocrx_word' id='word_1_274' title='bbox 439 2280 579 2330; x_wconf 90' lang='lat' dir='ltr'><strong>quippe</strong></span> <span class='ocrx_word' id='word_1_275' title='bbox 608 2292 711 2318; x_wconf 85' lang='lat' dir='ltr'><strong>anno</strong></span> <span class='ocrx_word' id='word_1_276' title='bbox 741 2292 818 2331; x_wconf 90' lang='lat' dir='ltr'><strong>quo</strong></span> <span class='ocrx_word' id='word_1_277' title='bbox 847 2279 1078 2318; x_wconf 85' lang='lat' dir='ltr'><strong>Germaniae</strong></span> <span class='ocrx_word' id='word_1_278' title='bbox 1106 2278 1295 2316; x_wconf 88' lang='lat' dir='ltr'><strong>descivere</strong></span> <span class='ocrx_word' id='word_1_279' title='bbox 1326 2290 1451 2315; x_wconf 82' lang='lat' dir='ltr'><strong>sacer-</strong></span> 
     </span>
    </p>
   </div>
  </div>
 </body>
</html>
