1612 2493
98 81 263 138 A.n.15.]
491 90 644 122 LIBER
669 90 701 124 J.
751 90 852 122 CAP.
879 94 1018 133 71-74·
1371 91 1419 138 83

97 193 194 231 sium
213 192 405 243 quendam
426 193 585 231 mimum
605 205 766 244 corpore
786 192 967 231 infamem
988 193 1216 241 adscivisset,
1237 195 1418 245 quodque

98 257 256 295 venditis
284 256 402 295 hortis
431 264 593 295 statuam
617 258 779 307 Augusti
807 258 918 296 simul
946 259 1213 307 mancipasset.
1251 259 1417 297 'Rubrio

58 327 80 356 3
97 320 243 358 crimini
266 320 423 358 dabatur
449 322 628 359 violatum
651 322 814 371 periurio
837 333 980 359 numen
1001 323 1173 371 Augusti.
1228 315 1328 372 ¹quae
1352 324 1417 360 ubi

97 385 253 422 Tiberio
277 393 446 431 uomere,
468 386 614 435 scripsit
640 386 860 424 consulibus
887 399 966 424 non
992 387 1078 425 ideo
1101 387 1297 425 decretum
1321 389 1417 437 patri

97 461 166 486 suo
200 449 360 495 caelum,
395 457 435 487 ut
473 451 511 487 in
550 451 756 500 perniciem
793 451 931 488 civ1um
968 452 1000 489 is
1038 451 1164 489 honor
1201 459 1451 500 verteretur.5

56 518 79 546 4
97 513 272 551 Cassium
301 514 521 551 histrionem
551 514 705 552 solitum
733 515 829 552 inter
857 516 952 553 alios
983 516 1154 553 eiusdem
1184 517 1272 554 artis
1301 517 1415 554 inter-

97 590 180 615 esse
209 578 318 624 ludis,
342 591 438 628 quos
460 585 579 617 mater
609 591 676 616 sua
704 579 742 616 in
766 581 988 617 memoriam
1018 581 1181 630 Augusti
1208 590 1417 628 sacrasset;

97 654 168 679 nec
196 650 329 680 contra
357 644 557 692 religiones
587 643 677 688 fieri,
704 644 809 692 quod
834 645 977 693 effigies
1006 645 1099 690 eius,
1126 652 1166 682 ut
1194 646 1266 683 alia
1294 646 1417 683 numi-

95 718 187 743 num
207 707 417 753 simulacra‚
437 707 715 745 venditionibus
735 708 932 746 hortorum
951 716 989 746 et
1009 710 1194 747 domuum
1218 710 1415 749 accedant.

56 775 77 803 5
97 771 152 807 ius
172 771 372 808 iurandum
392 771 548 820 perinde
569 772 848 809 aestimandum
870 785 986 823 quam
1003 775 1033 811 si
1048 773 1182 811 Iovem
1202 774 1414 813 fefellisset:
1432 791 1471 813 10

97 834 255 872 deorum
275 835 428 873 iniurias
449 835 506 872 dis
526 848 650 873 curae.

149 902 215 938 74.
244 898 327 937 Nec
357 899 475 937 multo
509 907 598 949 post
630 900 816 938 Granium
851 901 1076 941 Marcellum
1109 910 1325 953 praetorem
1353 904 1416 942 Bi·

94 962 244 1012 thyniae
282 971 458 1013 quaestor
490 964 607 1013 ipsius
639 965 785 1014 Caepio
820 966 1018 1016 Crispinus
1049 969 1252 1012 maiestatis
1286 976 1419 1018 postu-

94 1027 192 1071 lavit,
212 1028 470 1066 subscribente
491 1028 671 1066 Romano
692 1030 893 1079 Hispone:
923 1032 986 1080 qui
1013 1031 1177 1069 formam
1200 1033 1297 1070 vitae
1322 1033 1415 1080 iniit,

94 1103 209 1141 quam
228 1100 361 1141 postea
379 1093 569 1130 celebrem
592 1094 764 1132 miseriae
788 1102 1003 1145 temporum
1024 1104 1060 1134 et
1086 1097 1264 1135 audaciae
1292 1097 1413 1136 homi·
1430 1114 1468 1145 15

55 1161 186 1193 2num
219 1156 398 1195 fecerunt.
459 1169 550 1194 nam
585 1170 715 1207 egens,
746 1159 909 1207 ignotus,
940 1161 1100 1210 inquies,
1135 1162 1224 1198 dum
1259 1162 1417 1200 occultis

94 1220 226 1258 libellis
263 1221 438 1259 saevitiae
478 1222 662 1272 principis
703 1223 860 1272 adrepit,
899 1236 990 1261 mox
1035 1225 1243 1262 clarissimo
1281 1226 1417 1275 cuique

94 1285 303 1335 periculum
322 1285 482 1332 facessit,
502 1288 713 1336 potentiam
733 1276 836 1337 apud
856 1301 988 1334 unum,
1009 1290 1140 1326 odium
1159 1290 1261 1339 apud
1290 1292 1415 1329 omnis

94 1349 253 1399 adeptus
278 1350 381 1388 dedit
406 1351 634 1400 exemplum,
659 1353 764 1401 quod
790 1353 908 1389 secuti
939 1365 986 1389 ex
1014 1355 1245 1402 pauperibus
1271 1354 1412 1401 divites,

94 1426 141 1451 ex
170 1415 397 1464 contemptis
425 1415 618 1452 metuendi
651 1417 860 1465 perniciem
893 1417 974 1455 aliis
1003 1429 1047 1455 ac
1077 1425 1314 1467 postremum
1346 1420 1469 1457 sibizo

54 1479 279 1516 ainvenere.
337 1479 406 1517 sed
438 1471 664 1517 Mar—cellum
698 1481 938 1519 insimulabat
972 1482 1144 1520 sinistros
1182 1482 1229 1519 de
1259 1482 1415 1520 Tiberio

94 1554 290 1581 sermones
318 1542 507 1589 habuisse,
529 1545 743 1582 inevitabile
769 1546 923 1589 crimen,
944 1558 1032 1583 cum
1057 1559 1103 1583 ex
1123 1546 1292 1584 moribus
1315 1548 1416 1596 prin-

94 1607 188 1657 cipis
225 1607 443 1646 foedissima
481 1621 653 1658 quaeque
684 1610 865 1658 deligeret
904 1618 1101 1648 accusator
1133 1611 1415 1661 obiectaretque

52 1677 77 1705 4
93 1683 170 1709 reo.
225 1684 315 1709 nam
341 1673 430 1722 quia
451 1686 538 1711 vera
561 1681 678 1718 erant,
699 1675 812 1711 etiam
833 1675 933 1711 dicta
953 1675 1215 1712 credebantur.
1273 1675 1416 1713 addidit

95 1735 220 1785 Hispo
241 1743 401 1775 statuam
422 1736 593 1775 Marcelli
621 1738 730 1776 altius
757 1751 872 1788 quam
902 1738 1110 1776 Caesarum
1140 1740 1261 1785 sitam,
1283 1747 1321 1777 et
1344 1740 1417 1777 alia
1431 1757 1468 1788 25

94 1800 134 1837 in
166 1807 287 1839 statua
315 1810 510 1850 amputato
540 1803 663 1851 capite
691 1804 856 1852 Augusti
886 1803 1051 1852 effigiem
1072 1803 1217 1841 Tiberii
1245 1804 1414 1843 inditam.

53 1870 75 1899 5
95 1865 144 1902 ad
172 1866 276 1915 quod
303 1867 440 1903 exarsit
469 1867 577 1912 adeo,
606 1874 647 1904 ut
674 1875 785 1916 rupta
813 1868 1063 1905 taciturnitate
1093 1869 1347 1917 proclamaret
1375 1881 1417 1907 se

95 1941 246 1979 quoque
271 1930 310 1967 in
336 1942 381 1968 ea
412 1943 528 1969 causa
559 1932 719 1968 laturum
753 1933 980 1969 sententiam
1014 1933 1141 1982 palam
1172 1940 1209 1970 et
1243 1934 1414 1980 iuratum,

54 1999 78 2028 6
97 2006 173 2042 quo
206 1995 336 2033 ceteris
370 1996 504 2033 eadem
537 1996 743 2033 necessitas
776 1995 891 2034 fieret.
948 1997 1156 2034 manebant
1190 1998 1302 2034 etiam
1334 2005 1414 2035 tum

96 2059 252 2107 vestigia
287 2060 482 2097 morientis
516 2060 707 2097 libertatis.
764 2061 875 2110 igitur
908 2061 979 2099 Cn.
1015 2062 1104 2099 Piso
1137 2061 1260 2110 ‘quo’
1294 2062 1414 2111 inquit
1428 2078 1470 2108 30

97 2122 207 2159 ‘loco
235 2124 420 2168 censebis,
448 2124 614 2162 Caesar?
645 2125 675 2162 si
704 2125 859 2173 primus,
883 2125 1034 2163 habebo
1063 2125 1168 2175 quod
1197 2137 1353 2174 sequar:
1385 2127 1416 2163 si

55 2193 76 2224 7
97 2194 185 2235 post
204 2187 342 2232 omnis,
362 2199 493 2224 vereor
518 2200 566 2225 ne
590 2189 797 2237 inprudens
821 2187 1064 2227 dissentiam.’
1120 2196 1315 2239 permotus
1344 2189 1413 2235 his,

96 2257 314 2299 quantoque
348 2251 532 2288 incautius
563 2252 769 2298 efferverat,
800 2255 1031 2303 paenitentia
1061 2255 1208 2304 patiens
1236 2253 1317 2290 tulit
1346 2255 1412 2292 ab·

727 2333 793 2359 G2
