1612 2493
166 105 215 142 50
435 100 676 133 CORNELII
702 100 877 133 TACJTJ
898 102 1175 150 ANNALJUM
1249 94 1390 151 [amc.
1411 106 1484 145 7⁶7·

166 203 303 250 clades,
337 202 556 242 interfectos
591 204 740 242 Romae
773 204 977 252 Varrones,
1011 205 1208 255 Egnafioe,
1232 205 1360 245 Iulios.
1411 210 1524 243 nec4

165 268 383 306 domesticis
406 269 663 306 abstinebatur
680 283 689 307 :
719 269 884 308 abducta
903 270 1049 308 Neroni
1068 282 1164 308 uxor
1183 277 1220 308 et
1239 269 1398 309 consulti
1417 281 1484 319 per

164 333 368 370 ludibrium
400 333 598 381 pontifices
631 345 681 370 an
719 341 906 384 concepto
941 335 1105 372 necdum
1138 335 1239 373 edito
1272 341 1381 385 partu
1417 334 1483 371 rite

164 398 345 443 nuberet;
376 396 426 443 Q.
457 400 481 437 †
512 396 623 434 Tedii
663 404 700 435 et
737 397 848 435 Vedii
886 399 1067 451 Pollionis
1107 399 1248 447 luxus;
1288 406 1483 449 postremo

132 466 148 496 5
166 460 271 511 Livia
291 461 414 510 gravis
434 461 472 498 in
501 473 581 499 rem
610 462 801 511 publicam
820 460 950 510 mater,
971 454 1093 512 gravis
1115 451 1248 502 domui
1277 463 1485 502 Caesarum

104 532 131 556 -’
164 538 338 564 noverca.
395 525 487 562 nihil
516 526 676 563 deorum
702 527 913 565 honoribus
944 529 1124 574 relictum,
1150 540 1237 566 cum
1264 540 1304 566 se
1333 526 1484 576 templis
1502 535 1524 565 5

165 596 202 627 et
233 590 356 638 effigie
387 590 586 626 numinum
619 602 687 639 per
717 580 890 630 flamines
924 599 961 630 et
999 592 1213 630 sacerdotes
1255 592 1328 629 coli
1364 591 1483 628 vellet.

166 666 212 691 ne
241 654 439 691 Tiberium
467 654 622 703 quidem
648 657 800 694 caritate
828 664 893 694 aut
923 657 974 694 rei
1008 657 1183 706 publicae
1213 669 1303 694 cura
1325 662 1484 693 succes·
1501 666 1524 696 6

165 730 290 756 sorem
311 718 506 764 adscitum,
527 719 595 756 sed
619 721 801 769 quoniam
827 721 1090 771 adrogantiam
1114 722 1381 770 saevitiamque
1405 720 1484 757 eius

117 783 442 832 xointrospexerit‚
476 785 764 834 comparatione
799 785 998 824 deterrima
1031 786 1101 823 sibi
1136 785 1297 835 gloriam
1339 784 1485 834 quaesi-

165 848 272 885 visse.
331 847 474 885 etenim
512 849 709 898 Augustus
748 850 878 899 paucis
920 859 1008 889 ante
1045 851 1164 896 annis,
1204 862 1292 888 cum
1327 849 1524 889 Tiberio?

166 912 403 949 tribuniciam
432 919 661 962 potestatem
691 926 713 952 a
741 915 908 964 patribus
937 927 1085 952 rursum
1113 915 1330 965 postularet,
1354 926 1486 964 quam-

167 988 283 1025 quam
311 977 460 1016 honora
488 978 670 1025 oratione,
703 979 890 1029 quaedam
920 980 967 1017 de
996 979 1125 1016 habitu
1154 979 1331 1028 cultuque
1360 986 1398 1017 et
1429 970 1487 1016 in?

167 1042 302 1080 stitutis
329 1043 409 1080 eius
438 1044 587 1089 iecerat,
615 1056 712 1093 quae
738 1044 838 1081 velut
865 1043 1084 1081 excusando
1114 1044 1369 1093 exprobraret.
1425 1056 1485 1082 ce·
1502 1054 1526 1083 8

119 1112 289 1152 15terum
324 1107 513 1157 sepultura
543 1120 650 1145 more
683 1108 852 1158 perfecta
889 1108 1074 1158 templum
1107 1115 1143 1145 et
1183 1108 1366 1146 caelestes
1402 1108 1486 1157 reli-

166 1173 301 1221 giones
331 1174 595 1211 decernuntur.

220 1241 276 1274 11.
305 1236 447 1275 Versae
477 1237 564 1275 inde
597 1237 645 1275 ad
678 1237 877 1275 Tiberium
908 1249 1053 1288 preces.
1109 1244 1146 1275 et
1177 1237 1236 1275 ille
1261 1236 1359 1273 varia
1387 1235 1484 1274 edis·

168 1303 316 1339 serebat
345 1302 391 1339 de
425 1302 685 1352 magnitudine
718 1302 877 1352 imperii,
908 1314 976 1340 sua
1007 1302 1205 1339 modestia.
1262 1302 1382 1339 solam
1413 1303 1526 1340 divi2

166 1367 329 1415 Augusti
354 1373 522 1404 mentem
551 1374 675 1404 tantae
699 1366 811 1403 molis
838 1378 1044 1416 capacem:
1076 1377 1116 1403 se
1139 1366 1178 1403 in
1204 1373 1352 1415 partem
1378 1378 1486 1405 cusa-

117 1446 156 1467 20
169 1442 251 1467 rum
291 1432 338 1468 ab
373 1431 435 1468 illo
473 1438 648 1469 vocatum
684 1431 915 1481 experiendo
951 1430 1125 1468 didicisse
1162 1442 1278 1479 quam
1315 1431 1487 1477 arduum,

167 1507 282 1545 quam
309 1496 521 1533 subiectum
551 1496 721 1533 fortunae
750 1495 907 1544 regendi
936 1502 1073 1533 cuncta
1098 1507 1206 1532 onus.
1263 1496 1422 1546 proinde
1448 1497 1487 1533 in
1505 1509 1527 1539 :3

168 1561 314 1598 civitate
339 1567 392 1599 tot
414 1560 630 1598 inlustribus
658 1561 742 1598 viris
769 1560 929 1598 subnixa
952 1572 1032 1596 non
1056 1559 1104 1597 ad
1126 1572 1245 1597 unum
1267 1562 1398 1599 omnia
1422 1562 1488 1600 de-

167 1623 327 1662 ferrent:
358 1625 483 1674 plures
510 1625 658 1663 facilius
685 1625 817 1662 munia
845 1624 898 1662 rei
924 1624 1096 1673 publicae
1122 1625 1270 1662 sociatis
1298 1625 1488 1662 laboribus

169 1699 427 1727 exsecuturos.
484 1691 568 1739 plus
587 1690 625 1727 in
649 1690 819 1728 oratione
840 1689 902 1726 tali
923 1689 1113 1738 dignitatis
1134 1701 1251 1738 quam
1279 1689 1364 1727 fidei
1385 1697 1487 1728 erat:
1504 1701 1528 1731 4

117 1769 154 1799 25
170 1753 402 1803 Tiberioque
435 1755 549 1792 etiam
580 1755 619 1792 in
653 1755 764 1792 rebus
798 1766 894 1804 quas
925 1764 1004 1791 non
1032 1753 1232 1799 occuleret,
1264 1765 1330 1791 seu
1357 1761 1489 1792 natura

169 1817 248 1855 sive
277 1818 539 1864 adsuetudine,
570 1831 756 1868 suspensa
787 1830 938 1867 semper
970 1823 1008 1855 et
1041 1818 1203 1854 obscura
1232 1819 1368 1855 verba:
1399 1825 1488 1856 tune

168 1894 256 1919 vero
284 1884 426 1929 nitenti,
454 1890 495 1921 ut
523 1896 659 1921 sensus
684 1896 772 1921 suos
798 1884 948 1932 penitus
977 1882 1141 1928 abderet,
1172 1883 1210 1919 in
1238 1883 1423 1920 incertum
1451 1892 1488 1921 et

169 1947 391 1995 ambiguum
411 1949 535 1997 magis
555 1949 857 1998 implicabantur.
913 1953 951 1984 at
968 1953 1106 1996 patres,
1127 1946 1262 1995 quibus
1286 1959 1384 1985 unus
1409 1960 1487 1985 me·
1506 1955 1528 1986 5

169 2018 228 2047 tus
249 2012 279 2048 si
299 2011 515 2060 intellegere
534 2013 757 2058 viderentur,
779 2013 818 2048 in
838 2018 992 2062 questus
1015 2010 1188 2047 lacrimas
1214 2018 1302 2047 vota
1322 2011 1466 2049 effundi
1476 2025 1487 2059 ;

117 2091 157 2121 30
171 2075 219 2112 ad
239 2075 343 2121 deos,
364 2076 413 2113 ad
433 2076 596 2126 effigiem
616 2077 791 2126 Augusti,
812 2076 860 2113 ad
879 2087 1005 2124 genua
1025 2075 1143 2125 ipsius
1167 2086 1303 2112 manus
1323 2075 1487 2122 tendere,

170 2151 257 2177 cum
276 2139 430 2188 proferri
456 2141 622 2178 libellum
650 2141 871 2190 recitarique
901 2140 1017 2177 iussit.
1074 2151 1167 2188 opes
1194 2139 1368 2188 publicae
1395 2152 1486 2178 con·
1504 2147 1528 2177 6

168 2204 392 2250 tinebantur,
431 2212 616 2254 quantum
659 2205 796 2242 civium
841 2204 1108 2253 sociorumque
1149 2203 1187 2240 in
1230 2203 1353 2249 armis,
1393 2210 1488 2252 quot

167 2268 320 2313 classes,
349 2280 477 2317 regna,
507 2269 734 2318 provinciae,
767 2269 901 2307 tributa
930 2276 994 2306 aut
1024 2267 1229 2318 vectigalia,
1259 2275 1296 2305 et
1323 2267 1487 2306 necessi-
