1612 2493
177 58 224 94 82
472 62 711 96 CORNELII
741 62 912 96 TACITI
936 64 1214 97 ANNALIUM
1265 57 1403 113 [AM-C.
1425 65 1498 108 768.

182 166 389 217 Segimero,
419 168 653 206 cunctantius
682 167 770 213 filio,
799 167 886 218 quia
915 166 1087 214 Quintilii
1114 168 1207 207 Vari
1235 182 1374 220 corpus
1402 169 1498 208 inlu-

181 232 274 270 sisse
293 232 495 271 dicebatur.
552 239 719 270 ceterum
740 232 788 269 ad
808 232 1023 282 supplenda
1047 233 1233 271 exercitus
1251 235 1395 272 damna
1420 247 1498 273 cer·
1515 242 1538 272 3

180 303 303 335 tavere
323 296 468 334 Galliae
489 297 700 346 Hispaniae
719 296 838 342 Italia,
859 296 964 346 quod
985 297 1119 346 cuique
1138 305 1370 348 promptum,
1392 312 1497 348 arma

179 373 298 410 equos
318 374 450 399 aurum
470 361 685 399 offerentes.
734 373 895 411 quorum
916 361 1068 399 laudato
1089 363 1212 400 studio
1233 362 1497 410 Germanicus,
1514 372 1539 401 4

145 427 292 472 5armis
324 426 442 464 modo
476 433 513 464 et
545 426 651 476 equis
685 425 733 463 ad
771 425 910 463 bellum
944 426 1115 475 sumptis,
1149 428 1303 477 propria
1336 429 1498 477 pecunia

179 490 335 528 militem
362 491 464 528 iuvit.
521 498 638 540 utque
667 490 785 528 cladis
811 491 1037 527 memoriam
1063 491 1178 528 etiam
1203 492 1381 530 comitate
1405 493 1497 530 leni·
1516 497 1538 527 5

179 562 245 599 ret,
267 555 462 593 circumire
501 555 661 599 saucios,
696 554 795 593 facta
833 555 1067 604 singulorum
1105 555 1308 604 extollere3
1343 557 1499 595 vulnera

179 620 328 658 intuens
362 619 476 656 alium
510 632 589 669 spe,
620 620 733 657 alium
767 620 899 669 gloria,
930 628 1091 658 cunctos
1123 620 1305 670 adloquio
1338 627 1376 659 et
1409 633 1500 659 cura

179 685 325 734 sibique
354 692 390 722 et
419 684 563 734 proelio
594 685 777 722 firmabat.

133 766 168 787 ιο
233 754 297 789 72.
327 749 490 786 Decreta
521 761 567 786 eo
602 761 704 787 anno
743 748 982 798 triumphalia
1019 749 1180 799 insignia
1212 749 1261 787 A.
1296 748 1497 796 Caecinae,

180 814 223 853 L.
243 814 429 863 Apronio,
451 813 494 851 C.
516 813 607 851 Silio
633 814 685 851 ob
707 826 767 851 res
791 825 878 851 cum
903 813 1135 851 Germanico
1159 821 1296 863 gestas.
1354 827 1498 853 nomen
1515 820 1538 850 2

179 879 294 930 patris
319 879 460 927 patriae
484 878 672 923 Tiberius,
699 890 721 915 a
750 878 894 927 populo
922 877 1070 926 saepius
1098 878 1298 928 ingestum,
1325 879 1498 928 repudia-

178 944 251 990 vit;
279 955 402 993 neque
434 943 473 980 in
511 950 596 980 acta
634 955 701 980 sua
739 942 848 979 iurari
881 954 1114 992 quamquam
1147 950 1326 981 censente
1365 951 1499 981 senatu

179 1008 358 1058 permisit,
385 1014 523 1045 cuncta
550 1007 765 1044 mortalium
795 1007 947 1052 incerta,
977 1014 1197 1057 quantoque
1226 1008 1310 1057 plus
1339 1007 1499 1057 adeptus

130 1089 164 1121 ¹5
182 1073 284 1118 foret,
311 1080 416 1110 tanto
445 1084 485 1109 se
514 1073 636 1120 magis
664 1072 702 1108 in
729 1072 872 1109 lubrico
902 1071 1089 1110 dictitans.
1145 1084 1225 1110 non
1252 1079 1380 1110 tamen
1410 1073 1496 1111 ideo
1515 1082 1536 1112 3

181 1138 339 1175 faciebat
360 1138 474 1175 fidem
498 1137 614 1174 civilis
634 1137 749 1173 animi
761 1149 771 1182 ;
801 1148 892 1174 nam
912 1136 1037 1185 legem
1060 1137 1267 1174 maiestatis
1287 1137 1497 1183 reduxerat,

180 1203 239 1240 cui
270 1215 413 1240 nomen
439 1202 541 1251 apud
572 1209 715 1239 veteres
747 1201 859 1246 idern,
886 1201 954 1238 sed
987 1201 1060 1238 alia
1090 1201 1128 1238 in
1160 1201 1338 1239 iudicium
1372 1203 1499 1240 venie-

179 1269 280 1313 bant,
309 1268 340 1304 si
369 1267 452 1316 quis
483 1266 698 1316 proditione
728 1266 934 1303 exercitum
963 1273 1027 1303 aut
1055 1265 1207 1315 plebem
1236 1267 1497 1313 seditionibus,

180 1333 341 1382 denique
370 1331 468 1369 male
501 1337 609 1381 gesta
642 1343 681 1369 re
717 1331 870 1380 publica
905 1330 1140 1368 maiestatem
1170 1331 1300 1381 populi
1330 1331 1497 1369 Romani

129 1414 167 1436 20
180 1398 396 1435 minuisset:
429 1396 527 1434 facta
561 1396 827 1446 arguebantur,
861 1395 961 1433 dicta
994 1395 1136 1445 inpune
1169 1401 1286 1433 erant.
1352 1396 1539 1445 primus4

180 1464 376 1511 Augustus
406 1461 665 1510 cognitionem
697 1460 743 1498 de
774 1460 930 1497 famosis
963 1460 1094 1498 libellis
1131 1461 1258 1510 specie
1289 1460 1382 1510 legis
1417 1461 1497 1499 eius

178 1527 357 1571 tractavit,
387 1534 603 1563 commotus
635 1525 758 1563 Cassii
794 1524 921 1562 Severi
953 1525 1119 1571 libidine,
1152 1537 1228 1574 qua
1257 1525 1356 1563 viros
1391 1525 1497 1563 femi-

179 1603 323 1641 nasque
354 1590 527 1628 inlustres
558 1590 783 1640 procacibus
816 1590 962 1639 scriptis
994 1590 1276 1637 diffamaverat3
1306 1602 1398 1629 mox
1427 1590 1496 1628 Ti-

177 1657 313 1701 berius,
352 1655 588 1693 consultante
633 1654 819 1704 Pompeio
863 1654 998 1692 Macro
1042 1662 1227 1704 praetore,
1269 1667 1319 1692 an
1360 1655 1497 1693 iudicia

128 1737 164 1768 25
179 1720 384 1758 maiestatis
399 1720 654 1765 redderentur,
671 1719 907 1757 exercendas
928 1719 1032 1768 leges
1052 1732 1135 1758 esse
1149 1720 1354 1769 respondit.
1394 1720 1496 1758 hunc
1514 1730 1537 1760 5

178 1799 329 1836 quoque
343 1796 561 1835 asperavere
575 1785 743 1822 carmina
758 1784 909 1822 incertis
929 1784 1145 1822 auctoribus
1158 1784 1309 1833 vulgata
1322 1784 1361 1821 in
1378 1785 1497 1822 saevi-

178 1851 265 1889 tiam
289 1850 582 1899 superbiamque
602 1850 682 1887 eius
702 1856 738 1886 et
759 1848 973 1887 discordem
994 1861 1082 1886 cum
1102 1855 1221 1885 matre
1242 1849 1423 1886 animum.

231 1920 296 1955 73.
326 1915 444 1952 Haud
479 1914 623 1965 pigebit
656 1914 791 1952 referre
826 1914 865 1950 in
894 1913 1051 1951 Falanio
1081 1921 1118 1952 et
1147 1913 1303 1959 Rubrio,
1333 1913 1497 1951 modicis

178 1980 362 2029 equitibus
393 1979 590 2024 Romanis,
621 1985 895 2029 praetemptata
929 1978 1097 2024 crimina,
1128 1984 1169 2016 ut
1201 1978 1338 2027 quibus
1372 1978 1496 2024 initiis,

128 2060 166 2092 30
179 2052 319 2095 quanta
342 2044 485 2081 Tiberii
509 2052 586 2082 arte
613 2044 876 2093 gravissimum
901 2043 1057 2081 exitium
1087 2043 1296 2092 inrepserit,
1321 2042 1410 2080 dein
1438 2055 1498 2081 re-

177 2121 350 2159 pressum
370 2109 425 2154 sit,
447 2115 640 2158 postremo
660 2109 791 2146 arserit
815 2115 1029 2157 cunctaque
1053 2107 1285 2156 corripuerit,
1306 2113 1495 2145 noscatur.

178 2174 335 2212 Falanio
355 2174 544 2212 obiciebat
569 2182 777 2219 accusator,
802 2173 906 2223 quod
933 2173 1028 2210 inter
1051 2172 1215 2209 cultores
1235 2172 1410 2221 Augusti,
1432 2172 1495 2221 qui
1517 2182 1538 2210 2

177 2252 244 2290 per
269 2251 405 2277 omnes
430 2239 567 2276 domos
596 2238 635 2275 in
660 2238 817 2277 modum
847 2238 1096 2287 collegiorum
1123 2237 1372 2283 habebantur,
1400 2235 1496 2276 Cas-
